4460 6240
372 617 1401 742 uounvuscnm
1545 622 1614 761 69

197 848 260 941 uti
288 848 331 938 iu
362 857 472 941 XVI.
496 878 510 962 3
538 849 583 938 in
613 846 740 938 altero
779 843 985 937 muliebris
1023 845 1147 960 ligura
1186 842 1359 950 sedens,
1387 848 1548 932 Sacram
1590 839 1695 928 Pixi·

198 969 291 1055 dem
323 968 540 1075 sustinens,
568 967 719 1056 circum
758 997 879 1083 quam
920 964 1066 1080 legitur
1103 966 1406 1050 SANGVINIS
1446 969 1535 1051 XPI
1576 966 1696 1047 IHE·
1727 972 1811 1056 XX.

196 1090 287 1176 SV:
319 1087 360 1171 in
393 1111 576 1172 extremo
605 1085 762 1173 nummi
796 1085 846 1170 ad
876 1083 1005 1169 imum
1027 1079 1216 1194 margine
1246 1081 1328 1166 hac
1359 1109 1440 1167 vox
1461 1086 1696 1187 MANTua.

258 1209 308 1289 In
339 1204 493 1288 duobus
522 1203 725 1318 postremis
753 1203 803 1288 ad
834 1202 1001 1286 eundem
1014 1196 1263 1284 Franciscum
1294 1196 1554 1314 spesitntibus
1585 1229 1700 1287 num·

197 1317 311 1426 mis,
349 1317 462 1405 suum
502 1318 716 1406 Mantuani
757 1327 922 1406 Poetam
963 1317 1248 1431 depinxerunt.
1288 1321 1383 1403 Fert
1451 1316 1573 1406 rimus
1612 1317 1698 1405 inst·
1727 1326 1836 1408 XXI.
1936 1374 1957 1403 ,-

199 1436 328 1554 gnia,
356 1462 398 1522 et
427 1466 574 1522 nomeu
604 1436 816 1553 Principis:
847 1435 950 1522 alter
978 1433 1166 1520 susorium
1199 1462 1268 1518 vas
1286 1464 1377 1520 cum
1408 1347 1522 1521 solita
1552 1435 1702 1553 epigra-

202 1558 292 1672 phe.
326 1554 551 1641 Franciscus
579 1556 628 1641 ad
658 1585 769 1641 arma
799 1580 916 1641 natus
946 1551 1187 1638 militaribus
1218 1553 1331 1637 rebus
1361 1551 1608 1668 summoperd
1628 1555 1701 1642 stu·
1729 1561 1860 1645 XXII.
1985 1556 1991 1567 '

202 1670 330 1776 duit,
359 1672 637 1806 egregiamque
669 1700 786 1788 penes
817 1672 941 1758 Italos
980 1666 1211 1783 Principes,
1239 1669 1292 1752 ob
1332 1669 1515 1783 preclara
1554 1672 1658 1786 gella
1688 1731 1702 1779 ,

201 1786 366 1874 laudem
408 1816 650 1905 reportavit.
688 1788 998 1900 Duodetriginta
1036 1815 1160 1871 annos
1189 1809 1339 1891 natus,
1368 1787 1515 1872 Veneti
1556 1789 1702 1875 exerci-

200 1929 266 1991 tus
296 1907 553 1993 Gubernator
582 1905 845 2014 constitutus,
873 1908 923 1992 ad
952 1912 1109 1991 Tarum
1148 1931 1255 1987 anno
1293 1908 1629 1993 MCCCCXCV.
1658 1907 1703 1994 in

199 2020 341 2108 Gallos
370 2021 550 2138 prospers
590 2024 830 2131 dimicavit,
860 2049 901 2110 et
942 2021 1164 2110 Novariam
1214 2022 1264 2105 ab
1304 2020 1392 2138 ipsis
1430 2023 1602 2139 praesrdio
1641 2024 1704 2109 fir·

203 2165 361 2227 matam
410 2141 462 2225 ad
501 2141 745 2227 deditionem
777 2138 1004 2258 compulit.
1033 2147 1073 2226 A
1103 2137 1283 2225 Patribus
1312 2138 1354 2224 in
1386 2140 1594 2258 praemium
1625 2141 1704 2228 vir·

201 2255 299 2344 tutis
329 2255 499 2373 supremi
530 2288 734 2346 armorum
764 2261 900 2346 Ducis·
920 2257 1040 2345 titulo
1070 2257 1388 2362 condecoratus,
1417 2284 1458 2344 et
1487 2261 1705 2376 Neapolim
1769 2352 1775 2361 ,

204 2373 380 2491 sequenti
411 2405 518 2462 anno
547 2375 797 2463 Ferdinando
834 2375 939 2489 Regi
979 2403 1096 2487 opem
1137 2371 1319 2458 illaturus
1362 2374 1596 2482 immissus,
1633 2377 1704 2463 ubi

208 2498 389 2581 Romam
419 2492 621 2596 advenit,
649 2525 673 2579 a
703 2489 893 2580 Pontifice
924 2488 1233 2595 benevolentia,
1263 2514 1303 2573 et
1332 2491 1594 2581 humanitatis
1623 2497 1706 2581 offi-

212 2608 512 2728 ciis'exceptus
552 2611 658 2697 Rosa
688 2639 805 2696 aurea
836 2609 1005 2696 donatus
1024 2607 1169 2692 est.Re
1199 2605 1241 2695 in
1272 2610 1541 2724 Neapolitana
1571 2611 1703 2699 Ditio-

208 2757 261 2817 ne
290 2725 460 2816 feliciter
488 2726 823 2846 gesta,Ludovici
862 2724 1015 2813 Ssortiae
1044 2751 1128 2811 arte
1159 2753 1182 2810 a
1212 2727 1379 2812 Venetis
1407 2730 1709 2837 exausioratus,

210 2843 255 2933 in
287 2846 404 2955 ejus,
432 2878 479 2934 ac
509 2846 668 2935 casaris
697 2844 817 2931 armis
848 2841 1058 2961 Capitanei
1084 2842 1291 2929 Generalis
1310 2873 1459 2930 munus
1483 2847 1588 2963 egit:
1613 2877 1708 2937 cum

213 2991 292 3079 que
323 2963 407 3072 ejus
436 2963 543 3051 sama
572 2966 612 3050 in
645 2963 726 3049 dies
756 2990 1002 3079 augeretur,
1030 2989 1053 3044 a
1083 2959 1192 3072 Julio
1232 2966 1286 3045 II.
1314 2960 1530 3051 Pontificiis
1571 2964 1709 3079 Copiis

211 3080 426 3199 praeficitur
455 3113 563 3169 anno
595 3088 758 3168 MDVI.
775 3114 794 3188 ,·
822 3111 903 3195 quo
932 3078 973 3164 in
1007 3107 1169 3165 munere
1199 3075 1422 3163 Bononiam
1454 3082 1505 3166 ab
1536 3081 1709 3168 Ecclesra

210 3198 399 3288 descitam
446 3200 610 3311 adeius
648 3199 876 3315 obsequium
919 3195 1101 3309 redegit3
1132 3220 1253 3309 utque
1295 3195 1421 3312 magis
1463 3198 1711 3285 Marchionis

211 3315 396 3403 animum
437 3319 506 3403 fibi
546 3317 805 3421 devinciret,
844 3312 1114 3403 Consalonerii
1168 3312 1364 3427 dignitate
1405 3317 1707 3404 cohonestavit.

216 3437 318 3519 Hac
349 3431 454 3520 inter
484 3467 575 3521 cum
607 3433 789 3522 Pontisex
820 3431 1045 3520 societatem
1078 3463 1169 3519 curn
1217 3431 1373 3538 Gallo,
1401 3462 1447 3521 ac
1486 3432 1634 3522 Casare
1663 3435 1708 3521 in

215 3551 395 3636 Venetos
426 3549 576 3655 iniiset,
601 3553 780 3638 maximo
810 3549 1026 3636 Foederatis
1057 3556 1242 3653 MDIX.·,
1279 3550 1320 3636 in
1353 3550 1400 3636 iis
1429 3551 1479 3638 ad
1517 3557 1709 3638 Glaream

214 3666 368 3755 Abduae
398 3666 647 3784 subigendis,
675 3669 826 3757 auxilio
857 3665 1080 3755 Franciscus
1107 3667 1183 3755 luit
1212 3699 1222 3752 :
1254 3667 1407 3755 Verbm
1435 3666 1563 3773 visli,
1593 3665 1710 3753 resec·

216 3784 268 3872 tis
298 3785 481 3894 viribus,
510 3792 745 3902 Gonzagam
774 3789 825 3874 ad
855 3786 1029 3872 Insulam
1060 3783 1166 3870 scalae
1206 3787 1523 3871 castrametatum
1548 3841 1568 3886 ,
1595 3791 1711 3870 Duce

212 3903 566 4011 Malveti0,dubia
598 3906 720 3993 etiam
752 3905 838 3992 luce
868 3903 1030 3990 adorti:
1060 3902 1144 4016 post
1173 3898 1263 3987 leve
1292 3901 1711 3987 certamenMarchio

210 4017 484 4137 interceptus,
513 4022 694 4109 Venetiis
724 4022 766 4107 in
797 4021 1011 4109 custodiam
1042 4017 1343 4125 traditur,nec
1373 4016 1488 4124 inde,
1516 4016 1585 4103 nist
1616 4016 1712 4104 inse·

213 4138 354 4249 quenti
384 4167 518 4242 anno,
545 4140 741 4226 dimissus.
771 4144 985 4225 Mantuam
1018 4135 1212 4243 reversus,
1239 4166 1263 4223 a
1293 4134 1442 4223 bellicis
1471 4138 1584 4223 rebus
1622 4138 1712 4223 aba·

217 4248 419 4359 lienatus,
449 4255 644 4372 reliquum
677 4255 748 4342 sua
780 4255 871 4342 vita
900 4254 1055 4342 cursum
1093 4255 1143 4339 ad
1174 4284 1322 4341 annum
1354 4253 1473 4369 usque
1502 4260 1713 4343 MDXIX.

217 4370 350 4485 exegit
370 4398 493 4487 ,quo
523 4375 636 4489 gravi
668 4376 809 4460 morbo
838 4372 978 4488 pressus
997 4433 1011 4478 ,
1029 4377 1100 4457 IV.
1120 4372 1212 4458 Kal.
1241 4371 1392 4488 Aprilis
1421 4401 1470 4457 ex
1499 4370 1713 4458 hominum

217 4484 305 4573 vita
336 4488 465 4577 serena
506 4493 652 4581 fronte·
675 4491 948 4606 demigravit.
980 4489 1084 4576 Patri
1124 4488 1188 4576 ser
1217 4489 1289 4575 filii
1320 4488 1534 4605 superstites
1561 4486 1712 4595 suere,

217 4631 297 4690 tres
328 4605 436 4691 sexus
466 4609 622 4716 virilis,
651 4610 898 4724 totidemque
937 4604 1094 4693 semina:
1141 4637 1194 4693 ex
1224 4604 1387 4694 lsabella
1415 4603 1601 4692 Herculis
1620 4611 1711 4693 Fer·

217 4719 327 4807 rariae
364 4724 488 4810 Ducis
518 4726 598 4813 filia
630 4726 844 4843 procreati.

276 4839 500 4955 Vigefimus
530 4842 669 4931 tertius
698 4872 905 4957 argenteus
934 4868 1124 4930 nummus
1153 4839 1305 4960 praefert
1346 4837 1535 4927 Friderici
1574 4838 1714 4958 imagi·

218 4985 346 5062 nem,
374 4957 443 5073 qui
475 4961 558 5076 post
589 4988 759 5047 mortem
803 4959 922 5073 patris
963 4967 1140 5047 Mantua
1184 4959 1381 5069 assumpsit
1420 4958 1713 5047 Dominarum:

220 5073 484 5163 Circumstant
495 5108 611 5165 voces
621 5085 702 5166 FE.
715 5084 765 5163 ΙΙ.
778 5084 918 5164 MAR.
934 5084 1212 5164 MANTVAE·
1228 5083 1279 5160 V.
1293 5083 1330 5159 F
1332 5073 1507 5162 ridericus
1524 5075 1711 5161 Secundus
1740 5081 1893 5172 XXIII.

220 5191 395 5279 Marcbio
424 5200 599 5287 Mantua
629 5200 806 5320 quintus.
839 5198 905 5285 Ab
945 5194 1071 5284 altera
1111 5222 1221 5313 parte
1249 5195 1501 5310 „Muliebrem
1543 5193 1711 5308 figuram

1456 5314 1653 5417 stantem,
1735 5331 1737 5335 ’
