<?xml version="1.0" encoding="UTF-8"?>
<!DOCTYPE html PUBLIC "-//W3C//DTD XHTML 1.0 Transitional//EN"
    "http://www.w3.org/TR/xhtml1/DTD/xhtml1-transitional.dtd">
<html xmlns="http://www.w3.org/1999/xhtml" xml:lang="en" lang="en">
 <head>
  <title>
</title>
<meta http-equiv="Content-Type" content="text/html;charset=utf-8" />
  <meta name='ocr-system' content='tesseract 3.04.00' />
  <meta name='ocr-capabilities' content='ocr_page ocr_carea ocr_par ocr_line ocrx_word'/>
</head>
<body>
  <div class='ocr_page' id='page_1' title='image "./vincentiibellin01bellgoog_0082.png"; bbox 0 0 4460 6240; ppageno 0'>
   <div class='ocr_carea' id='block_1_1' title="bbox 353 604 1607 758">
    <p class='ocr_par' dir='ltr' id='par_1_1' title="bbox 353 604 1607 758">
     <span class='ocr_line' id='line_1_1' title="bbox 353 604 1607 758; baseline -0.004 -24"><span class='ocrx_word' id='word_1_1' title='bbox 353 604 1388 735; x_wconf 77' lang='lat' dir='ltr'>uounvunnnrts</span> <span class='ocrx_word' id='word_1_2' title='bbox 1530 623 1607 758; x_wconf 72' lang='lat'>⁶7</span> 
     </span>
    </p>
   </div>
   <div class='ocr_carea' id='block_1_2' title="bbox 137 835 1819 5197">
    <p class='ocr_par' dir='ltr' id='par_1_2' title="bbox 137 835 1693 4035">
     <span class='ocr_line' id='line_1_2' title="bbox 186 835 1683 949; baseline -0.001 -13"><span class='ocrx_word' id='word_1_3' title='bbox 186 843 266 936; x_wconf 84' lang='lat' dir='ltr'>tnic</span> <span class='ocrx_word' id='word_1_4' title='bbox 292 868 534 949; x_wconf 78' lang='lat' dir='ltr'>exaratum,</span> <span class='ocrx_word' id='word_1_5' title='bbox 559 836 676 927; x_wconf 80' lang='lat' dir='ltr'>hosce</span> <span class='ocrx_word' id='word_1_6' title='bbox 700 862 799 926; x_wconf 82' lang='lat' dir='ltr'>ante</span> <span class='ocrx_word' id='word_1_7' title='bbox 824 862 981 924; x_wconf 80' lang='lat' dir='ltr'>annum</span> <span class='ocrx_word' id='word_1_8' title='bbox 1009 841 1411 927; x_wconf 80' lang='lat' dir='ltr'>MCCCCXXXIII.</span> <span class='ocrx_word' id='word_1_9' title='bbox 1439 835 1547 930; x_wconf 74' lang='lat' dir='ltr'>fuisse</span> <span class='ocrx_word' id='word_1_10' title='bbox 1586 843 1683 934; x_wconf 84' lang='lat' dir='ltr'>obst·</span> 
     </span>
     <span class='ocr_line' id='line_1_3' title="bbox 183 956 1683 1085; baseline 0 -30"><span class='ocrx_word' id='word_1_11' title='bbox 183 993 327 1085; x_wconf 79' lang='lat' dir='ltr'>gnatoc</span> <span class='ocrx_word' id='word_1_12' title='bbox 355 961 446 1051; x_wconf 86' lang='lat' dir='ltr'>satis</span> <span class='ocrx_word' id='word_1_13' title='bbox 480 959 664 1046; x_wconf 80' lang='lat' dir='ltr'>indicat:</span> <span class='ocrx_word' id='word_1_14' title='bbox 694 986 762 1047; x_wconf 67' lang='lat' dir='ltr'>eo,</span> <span class='ocrx_word' id='word_1_15' title='bbox 786 958 901 1042; x_wconf 81' lang='lat' dir='ltr'>enirn</span> <span class='ocrx_word' id='word_1_16' title='bbox 937 984 1047 1043; x_wconf 82' lang='lat' dir='ltr'>anno</span> <span class='ocrx_word' id='word_1_17' title='bbox 1071 987 1101 1043; x_wconf 79' lang='lat' dir='ltr'>a</span> <span class='ocrx_word' id='word_1_18' title='bbox 1142 956 1397 1071; x_wconf 67' lang='lat' dir='ltr'>sigismundo</span> <span class='ocrx_word' id='word_1_19' title='bbox 1422 963 1683 1081; x_wconf 80' lang='lat' dir='ltr'>,imperatore</span> 
     </span>
     <span class='ocr_line' id='line_1_4' title="bbox 185 1073 1686 1192; baseline -0.001 -19"><span class='ocrx_word' id='word_1_20' title='bbox 185 1081 458 1179; x_wconf 77' lang='lat' dir='ltr'>Marchionali</span> <span class='ocrx_word' id='word_1_21' title='bbox 487 1076 682 1192; x_wconf 78' lang='lat' dir='ltr'>dignitate</span> <span class='ocrx_word' id='word_1_22' title='bbox 721 1073 927 1190; x_wconf 77' lang='lat' dir='ltr'>insrgnitus</span> <span class='ocrx_word' id='word_1_23' title='bbox 954 1075 1031 1160; x_wconf 85' lang='lat' dir='ltr'>est.</span> <span class='ocrx_word' id='word_1_24' title='bbox 1061 1076 1261 1163; x_wconf 77' lang='lat' dir='ltr'>Cnterltrn</span> <span class='ocrx_word' id='word_1_25' title='bbox 1300 1082 1473 1189; x_wconf 82' lang='lat' dir='ltr'>Jotnnes</span> <span class='ocrx_word' id='word_1_26' title='bbox 1513 1082 1686 1174; x_wconf 74' lang='lat' dir='ltr'>Francis·</span> 
     </span>
     <span class='ocr_line' id='line_1_5' title="bbox 182 1188 1687 1309; baseline -0.001 -17"><span class='ocrx_word' id='word_1_27' title='bbox 182 1204 324 1293; x_wconf 87' lang='lat' dir='ltr'>cusin</span> <span class='ocrx_word' id='word_1_28' title='bbox 355 1195 508 1285; x_wconf 83' lang='lat' dir='ltr'>bellicis</span> <span class='ocrx_word' id='word_1_29' title='bbox 536 1198 650 1281; x_wconf 79' lang='lat' dir='ltr'>rebus</span> <span class='ocrx_word' id='word_1_30' title='bbox 680 1188 927 1309; x_wconf 74' lang='lat' dir='ltr'>summopere</span> <span class='ocrx_word' id='word_1_31' title='bbox 956 1191 1116 1281; x_wconf 76' lang='lat' dir='ltr'>edodlut</span> <span class='ocrx_word' id='word_1_32' title='bbox 1145 1198 1393 1283; x_wconf 80' lang='lat' dir='ltr'>Venetorum</span> <span class='ocrx_word' id='word_1_33' title='bbox 1424 1198 1545 1287; x_wconf 86' lang='lat' dir='ltr'>castra</span> <span class='ocrx_word' id='word_1_34' title='bbox 1584 1200 1687 1293; x_wconf 84' lang='lat' dir='ltr'>secu·</span> 
     </span>
     <span class='ocr_line' id='line_1_6' title="bbox 186 1311 1688 1431; baseline 0.001 -23"><span class='ocrx_word' id='word_1_35' title='bbox 186 1346 252 1408; x_wconf 84' lang='lat' dir='ltr'>tus</span> <span class='ocrx_word' id='word_1_36' title='bbox 282 1381 297 1428; x_wconf 81' lang='lat'><strong><em>,</em></strong></span> <span class='ocrx_word' id='word_1_37' title='bbox 326 1312 581 1404; x_wconf 81' lang='lat' dir='ltr'>Carmaniola</span> <span class='ocrx_word' id='word_1_38' title='bbox 609 1311 793 1429; x_wconf 86' lang='lat' dir='ltr'>supremo</span> <span class='ocrx_word' id='word_1_39' title='bbox 819 1336 1025 1398; x_wconf 76' lang='lat' dir='ltr'>armorum</span> <span class='ocrx_word' id='word_1_40' title='bbox 1055 1319 1169 1399; x_wconf 86' lang='lat' dir='ltr'>Duce</span> <span class='ocrx_word' id='word_1_41' title='bbox 1195 1341 1244 1398; x_wconf 84' lang='lat' dir='ltr'>ca</span> <span class='ocrx_word' id='word_1_42' title='bbox 1272 1313 1328 1400; x_wconf 80' lang='lat' dir='ltr'>&#39;te</span> <span class='ocrx_word' id='word_1_43' title='bbox 1357 1314 1510 1431; x_wconf 87' lang='lat' dir='ltr'>plexo,</span> <span class='ocrx_word' id='word_1_44' title='bbox 1531 1319 1572 1405; x_wconf 91' lang='lat' dir='ltr'>in</span> <span class='ocrx_word' id='word_1_45' title='bbox 1602 1319 1688 1431; x_wconf 82' lang='lat' dir='ltr'>ejm</span> 
     </span>
     <span class='ocr_line' id='line_1_7' title="bbox 187 1342 1688 1557; baseline -0.001 -31"><span class='ocrx_word' id='word_1_46' title='bbox 187 1437 325 1526; x_wconf 85' lang='lat' dir='ltr'>locunt</span> <span class='ocrx_word' id='word_1_47' title='bbox 370 1431 446 1521; x_wconf 88' lang='lat' dir='ltr'>suit</span> <span class='ocrx_word' id='word_1_48' title='bbox 485 1430 733 1547; x_wconf 77' lang='lat' dir='ltr'>subrogatut.</span> <span class='ocrx_word' id='word_1_49' title='bbox 771 1437 811 1517; x_wconf 83' lang='lat' dir='ltr'>A</span> <span class='ocrx_word' id='word_1_50' title='bbox 853 1429 1020 1516; x_wconf 78' lang='lat' dir='ltr'>Venetis</span> <span class='ocrx_word' id='word_1_51' title='bbox 1058 1429 1152 1516; x_wconf 85' lang='lat' dir='ltr'>dein</span> <span class='ocrx_word' id='word_1_52' title='bbox 1191 1342 1356 1521; x_wconf 72' lang='lat' dir='ltr'>deiditus</span> <span class='ocrx_word' id='word_1_53' title='bbox 1382 1492 1400 1538; x_wconf 86' lang='lat'>,</span> <span class='ocrx_word' id='word_1_54' title='bbox 1425 1459 1470 1522; x_wconf 83' lang='lat' dir='ltr'>et</span> <span class='ocrx_word' id='word_1_55' title='bbox 1498 1435 1688 1557; x_wconf 78' lang='lat' dir='ltr'>Philippo</span> 
     </span>
     <span class='ocr_line' id='line_1_8' title="bbox 188 1547 1687 1685; baseline 0.001 -41"><span class='ocrx_word' id='word_1_56' title='bbox 188 1556 332 1644; x_wconf 80' lang='lat' dir='ltr'>Mariae</span> <span class='ocrx_word' id='word_1_57' title='bbox 362 1549 583 1638; x_wconf 80' lang='lat' dir='ltr'>Mediolani</span> <span class='ocrx_word' id='word_1_58' title='bbox 613 1547 719 1685; x_wconf 82' lang='lat' dir='ltr'>Duci</span> <span class='ocrx_word' id='word_1_59' title='bbox 748 1549 946 1635; x_wconf 71' lang='lat' dir='ltr'>adherens</span> <span class='ocrx_word' id='word_1_60' title='bbox 961 1606 978 1652; x_wconf 87' lang='lat'>‚</span> <span class='ocrx_word' id='word_1_61' title='bbox 993 1548 1035 1635; x_wconf 90' lang='lat' dir='ltr'>itt</span> <span class='ocrx_word' id='word_1_62' title='bbox 1067 1548 1335 1639; x_wconf 77' lang='lat' dir='ltr'>veronensem</span> <span class='ocrx_word' id='word_1_63' title='bbox 1363 1550 1562 1641; x_wconf 83' lang='lat' dir='ltr'>ditionem</span> <span class='ocrx_word' id='word_1_64' title='bbox 1588 1584 1687 1646; x_wconf 83' lang='lat' dir='ltr'>carn</span> 
     </span>
     <span class='ocr_line' id='line_1_9' title="bbox 183 1666 1689 1907; baseline -0.001 -26"><span class='ocrx_word' id='word_1_65' title='bbox 183 1666 1689 1907; x_wconf 44' lang='lat' dir='ltr'>33:{lillis‘lmnlfl&#39;llllldllslltsigilli&amp;</span> 
     </span>
     <span class='ocr_line' id='line_1_10' title="bbox 183 1901 1691 2015; baseline 0.002 -17"><span class='ocrx_word' id='word_1_66' title='bbox 183 1906 381 1998; x_wconf 82' lang='lat' dir='ltr'>commoti</span> <span class='ocrx_word' id='word_1_67' title='bbox 424 1911 589 2008; x_wconf 85' lang='lat' dir='ltr'>Patres,</span> <span class='ocrx_word' id='word_1_68' title='bbox 615 1903 803 2013; x_wconf 80' lang='lat' dir='ltr'>injuriam</span> <span class='ocrx_word' id='word_1_69' title='bbox 834 1901 991 2005; x_wconf 77' lang='lat' dir='ltr'>ulturi,</span> <span class='ocrx_word' id='word_1_70' title='bbox 1021 1903 1303 1993; x_wconf 81' lang='lat' dir='ltr'>ornatislitttant¹</span> <span class='ocrx_word' id='word_1_71' title='bbox 1331 1906 1530 2015; x_wconf 73' lang='lat' dir='ltr'>Classem,</span> <span class='ocrx_word' id='word_1_72' title='bbox 1566 1916 1691 2000; x_wconf 84' lang='lat' dir='ltr'>Petro</span> 
     </span>
     <span class='ocr_line' id='line_1_11' title="bbox 179 2020 1693 2136; baseline 0.003 -22"><span class='ocrx_word' id='word_1_73' title='bbox 179 2025 416 2120; x_wconf 81' lang='lat' dir='ltr'>Laurcdano</span> <span class='ocrx_word' id='word_1_74' title='bbox 442 2020 626 2127; x_wconf 66' lang='lat' dir='ltr'>tresde,</span> <span class='ocrx_word' id='word_1_75' title='bbox 654 2046 917 2136; x_wconf 77' lang='lat' dir='ltr'>comparant,</span> <span class='ocrx_word' id='word_1_76' title='bbox 947 2046 991 2108; x_wconf 87' lang='lat' dir='ltr'>ut</span> <span class='ocrx_word' id='word_1_77' title='bbox 1018 2021 1128 2111; x_wconf 82' lang='lat' dir='ltr'>Pado</span> <span class='ocrx_word' id='word_1_78' title='bbox 1154 2023 1319 2114; x_wconf 72' lang='lat' dir='ltr'>detesto</span> <span class='ocrx_word' id='word_1_79' title='bbox 1358 2030 1602 2116; x_wconf 77' lang='lat' dir='ltr'>Montuanot</span> <span class='ocrx_word' id='word_1_80' title='bbox 1647 2028 1693 2119; x_wconf 83' lang='lat' dir='ltr'>fi·</span> 
     </span>
     <span class='ocr_line' id='line_1_12' title="bbox 184 2139 1691 2260; baseline 0.003 -27"><span class='ocrx_word' id='word_1_81' title='bbox 184 2176 256 2234; x_wconf 85' lang='lat' dir='ltr'>nes</span> <span class='ocrx_word' id='word_1_82' title='bbox 285 2140 442 2229; x_wconf 82' lang='lat' dir='ltr'>infestos</span> <span class='ocrx_word' id='word_1_83' title='bbox 482 2139 691 2245; x_wconf 85' lang='lat' dir='ltr'>redderet,</span> <span class='ocrx_word' id='word_1_84' title='bbox 718 2168 839 2255; x_wconf 82' lang='lat' dir='ltr'>atque</span> <span class='ocrx_word' id='word_1_85' title='bbox 879 2168 904 2225; x_wconf 88' lang='lat' dir='ltr'>a</span> <span class='ocrx_word' id='word_1_86' title='bbox 945 2139 1116 2259; x_wconf 80' lang='lat' dir='ltr'>suscepta</span> <span class='ocrx_word' id='word_1_87' title='bbox 1156 2142 1362 2260; x_wconf 73' lang='lat' dir='ltr'>provincia</span> <span class='ocrx_word' id='word_1_88' title='bbox 1403 2146 1691 2237; x_wconf 83' lang='lat' dir='ltr'>Marchionem</span> 
     </span>
     <span class='ocr_line' id='line_1_13' title="bbox 184 2256 1690 2397; baseline 0.002 -45"><span class='ocrx_word' id='word_1_89' title='bbox 184 2283 435 2352; x_wconf 83' lang='lat' dir='ltr'>removeret.</span> <span class='ocrx_word' id='word_1_90' title='bbox 464 2261 523 2343; x_wconf 87' lang='lat' dir='ltr'>At</span> <span class='ocrx_word' id='word_1_91' title='bbox 550 2261 768 2373; x_wconf 66' lang='lat' dir='ltr'>(inunge,</span> <span class='ocrx_word' id='word_1_92' title='bbox 793 2260 847 2345; x_wconf 79' lang='lat' dir='ltr'>nd</span> <span class='ocrx_word' id='word_1_93' title='bbox 876 2256 1098 2345; x_wconf 77' lang='lat' dir='ltr'>illudendos</span> <span class='ocrx_word' id='word_1_94' title='bbox 1124 2288 1267 2351; x_wconf 86' lang='lat' dir='ltr'>eorum</span> <span class='ocrx_word' id='word_1_95' title='bbox 1295 2289 1475 2369; x_wconf 82' lang='lat' dir='ltr'>conatus,</span> <span class='ocrx_word' id='word_1_96' title='bbox 1502 2290 1690 2397; x_wconf 75' lang='lat' dir='ltr'>opportu·</span> 
     </span>
     <span class='ocr_line' id='line_1_14' title="bbox 186 2370 1689 2490; baseline 0.001 -23"><span class='ocrx_word' id='word_1_97' title='bbox 186 2383 250 2467; x_wconf 85' lang='lat' dir='ltr'>nit</span> <span class='ocrx_word' id='word_1_98' title='bbox 278 2378 453 2465; x_wconf 81' lang='lat' dir='ltr'>fluminis</span> <span class='ocrx_word' id='word_1_99' title='bbox 481 2374 612 2479; x_wconf 84' lang='lat' dir='ltr'>locis,</span> <span class='ocrx_word' id='word_1_100' title='bbox 641 2401 683 2461; x_wconf 92' lang='lat' dir='ltr'>et</span> <span class='ocrx_word' id='word_1_101' title='bbox 721 2370 900 2461; x_wconf 73' lang='lat' dir='ltr'>maxime</span> <span class='ocrx_word' id='word_1_102' title='bbox 940 2375 1122 2462; x_wconf 88' lang='lat' dir='ltr'>Setmido</span> <span class='ocrx_word' id='word_1_103' title='bbox 1153 2434 1168 2482; x_wconf 85' lang='lat'><strong><em>,</em></strong></span> <span class='ocrx_word' id='word_1_104' title='bbox 1195 2407 1252 2467; x_wconf 92' lang='lat' dir='ltr'>et.</span> <span class='ocrx_word' id='word_1_105' title='bbox 1278 2377 1451 2467; x_wconf 82' lang='lat' dir='ltr'>Hostilia</span> <span class='ocrx_word' id='word_1_106' title='bbox 1486 2384 1689 2490; x_wconf 69' lang='lat' dir='ltr'>arcubus,</span> 
     </span>
     <span class='ocr_line' id='line_1_15' title="bbox 186 2490 1690 2605; baseline 0 -18"><span class='ocrx_word' id='word_1_107' title='bbox 186 2497 320 2587; x_wconf 85' lang='lat' dir='ltr'>setteis</span> <span class='ocrx_word' id='word_1_108' title='bbox 348 2492 578 2595; x_wconf 83' lang='lat' dir='ltr'>catenis,ac</span> <span class='ocrx_word' id='word_1_109' title='bbox 608 2492 819 2578; x_wconf 80' lang='lat' dir='ltr'>tormentit</span> <span class='ocrx_word' id='word_1_110' title='bbox 847 2490 999 2579; x_wconf 82' lang='lat' dir='ltr'>bellicis</span> <span class='ocrx_word' id='word_1_111' title='bbox 1025 2495 1318 2605; x_wconf 85' lang='lat' dir='ltr'>communitis,</span> <span class='ocrx_word' id='word_1_112' title='bbox 1345 2496 1492 2584; x_wconf 77' lang='lat' dir='ltr'>iterum</span> <span class='ocrx_word' id='word_1_113' title='bbox 1523 2499 1574 2585; x_wconf 88' lang='lat' dir='ltr'>ad</span> <span class='ocrx_word' id='word_1_114' title='bbox 1618 2498 1690 2587; x_wconf 84' lang='lat' dir='ltr'>vi-</span> 
     </span>
     <span class='ocr_line' id='line_1_16' title="bbox 189 2609 1690 2734; baseline 0 -29"><span class='ocrx_word' id='word_1_115' title='bbox 189 2614 391 2706; x_wconf 84' lang='lat' dir='ltr'>cecomitis</span> <span class='ocrx_word' id='word_1_116' title='bbox 418 2618 595 2697; x_wconf 80' lang='lat' dir='ltr'>Turonas</span> <span class='ocrx_word' id='word_1_117' title='bbox 633 2609 672 2697; x_wconf 89' lang='lat' dir='ltr'>se</span> <span class='ocrx_word' id='word_1_118' title='bbox 714 2610 913 2721; x_wconf 78' lang='lat' dir='ltr'>contulit3</span> <span class='ocrx_word' id='word_1_119' title='bbox 942 2639 1015 2697; x_wconf 93' lang='lat' dir='ltr'>nec</span> <span class='ocrx_word' id='word_1_120' title='bbox 1056 2613 1188 2699; x_wconf 88' lang='lat' dir='ltr'>multo</span> <span class='ocrx_word' id='word_1_121' title='bbox 1226 2616 1310 2731; x_wconf 80' lang='lat' dir='ltr'>poss</span> <span class='ocrx_word' id='word_1_122' title='bbox 1353 2617 1537 2724; x_wconf 70' lang='lat' dir='ltr'>veroni,</span> <span class='ocrx_word' id='word_1_123' title='bbox 1563 2646 1690 2734; x_wconf 88' lang='lat' dir='ltr'>quam</span> 
     </span>
     <span class='ocr_line' id='line_1_17' title="bbox 189 2724 1690 2849; baseline 0 -24"><span class='ocrx_word' id='word_1_124' title='bbox 189 2734 245 2825; x_wconf 89' lang='lat' dir='ltr'>sui</span> <span class='ocrx_word' id='word_1_125' title='bbox 278 2733 371 2845; x_wconf 89' lang='lat' dir='ltr'>jutis</span> <span class='ocrx_word' id='word_1_126' title='bbox 400 2728 578 2835; x_wconf 80' lang='lat' dir='ltr'>secerne,</span> <span class='ocrx_word' id='word_1_127' title='bbox 607 2756 632 2813; x_wconf 82' lang='lat' dir='ltr'>a</span> <span class='ocrx_word' id='word_1_128' title='bbox 662 2724 867 2814; x_wconf 84' lang='lat' dir='ltr'>Francisco</span> <span class='ocrx_word' id='word_1_129' title='bbox 895 2727 1041 2816; x_wconf 74' lang='lat' dir='ltr'>bsottin</span> <span class='ocrx_word' id='word_1_130' title='bbox 1072 2730 1254 2849; x_wconf 85' lang='lat' dir='ltr'>supremo</span> <span class='ocrx_word' id='word_1_131' title='bbox 1290 2739 1542 2822; x_wconf 86' lang='lat' dir='ltr'>Venetorum</span> <span class='ocrx_word' id='word_1_132' title='bbox 1572 2742 1690 2825; x_wconf 83' lang='lat' dir='ltr'>Duce</span> 
     </span>
     <span class='ocr_line' id='line_1_18' title="bbox 189 2845 1691 2965; baseline 0.001 -25"><span class='ocrx_word' id='word_1_133' title='bbox 189 2854 453 2953; x_wconf 77' lang='lat' dir='ltr'>deturbatus,</span> <span class='ocrx_word' id='word_1_134' title='bbox 481 2852 697 2933; x_wconf 79' lang='lat' dir='ltr'>Mantuam</span> <span class='ocrx_word' id='word_1_135' title='bbox 729 2845 951 2934; x_wconf 83' lang='lat' dir='ltr'>remeavit.</span> <span class='ocrx_word' id='word_1_136' title='bbox 981 2855 1139 2957; x_wconf 80' lang='lat' dir='ltr'>Anno,</span> <span class='ocrx_word' id='word_1_137' title='bbox 1162 2852 1236 2965; x_wconf 87' lang='lat' dir='ltr'>qui</span> <span class='ocrx_word' id='word_1_138' title='bbox 1265 2850 1459 2938; x_wconf 81' lang='lat' dir='ltr'>insecutus</span> <span class='ocrx_word' id='word_1_139' title='bbox 1488 2911 1506 2957; x_wconf 88' lang='lat'>,</span> <span class='ocrx_word' id='word_1_140' title='bbox 1532 2851 1691 2943; x_wconf 84' lang='lat' dir='ltr'>bellum</span> 
     </span>
     <span class='ocr_line' id='line_1_19' title="bbox 187 2968 1690 3086; baseline 0 -27"><span class='ocrx_word' id='word_1_141' title='bbox 187 2998 449 3070; x_wconf 85' lang='lat' dir='ltr'>renovatum,</span> <span class='ocrx_word' id='word_1_142' title='bbox 477 2994 558 3080; x_wconf 89' lang='lat' dir='ltr'>quo</span> <span class='ocrx_word' id='word_1_143' title='bbox 589 2991 768 3080; x_wconf 89' lang='lat' dir='ltr'>tempore</span> <span class='ocrx_word' id='word_1_144' title='bbox 798 2994 910 3051; x_wconf 83' lang='lat' dir='ltr'>novae</span> <span class='ocrx_word' id='word_1_145' title='bbox 942 2968 1255 3084; x_wconf 72' lang='lat' dir='ltr'>perturbationes</span> <span class='ocrx_word' id='word_1_146' title='bbox 1281 2997 1307 3054; x_wconf 83' lang='lat' dir='ltr'>n</span> <span class='ocrx_word' id='word_1_147' title='bbox 1337 2968 1525 3086; x_wconf 89' lang='lat' dir='ltr'>Philippo</span> <span class='ocrx_word' id='word_1_148' title='bbox 1553 2969 1690 3059; x_wconf 82' lang='lat' dir='ltr'>Maria</span> 
     </span>
     <span class='ocr_line' id='line_1_20' title="bbox 186 3081 1690 3211; baseline 0.002 -37"><span class='ocrx_word' id='word_1_149' title='bbox 186 3089 299 3211; x_wconf 77' lang='lat' dir='ltr'>polin</span> <span class='ocrx_word' id='word_1_150' title='bbox 329 3088 482 3173; x_wconf 85' lang='lat' dir='ltr'>aditum</span> <span class='ocrx_word' id='word_1_151' title='bbox 514 3081 600 3200; x_wconf 78' lang='lat' dir='ltr'>paci</span> <span class='ocrx_word' id='word_1_152' title='bbox 639 3110 871 3197; x_wconf 86' lang='lat' dir='ltr'>aperuere,</span> <span class='ocrx_word' id='word_1_153' title='bbox 904 3116 988 3204; x_wconf 81' lang='lat' dir='ltr'>qun</span> <span class='ocrx_word' id='word_1_154' title='bbox 1027 3087 1180 3203; x_wconf 84' lang='lat' dir='ltr'>postero</span> <span class='ocrx_word' id='word_1_155' title='bbox 1216 3085 1555 3196; x_wconf 75' lang='lat' dir='ltr'>annositmatn,</span> <span class='ocrx_word' id='word_1_156' title='bbox 1581 3087 1690 3177; x_wconf 87' lang='lat' dir='ltr'>inter</span> 
     </span>
     <span class='ocr_line' id='line_1_21' title="bbox 137 3202 1691 3311; baseline -0.001 -15"><span class='ocrx_word' id='word_1_157' title='bbox 137 3292 143 3307; x_wconf 84' lang='grc'>,</span> <span class='ocrx_word' id='word_1_158' title='bbox 189 3237 347 3296; x_wconf 77' lang='lat' dir='ltr'>caetetos</span> <span class='ocrx_word' id='word_1_159' title='bbox 376 3202 622 3292; x_wconf 87' lang='lat' dir='ltr'>conditiones</span> <span class='ocrx_word' id='word_1_160' title='bbox 651 3226 920 3311; x_wconf 87' lang='lat' dir='ltr'>conventum,</span> <span class='ocrx_word' id='word_1_161' title='bbox 949 3230 995 3292; x_wconf 86' lang='lat' dir='ltr'>ut</span> <span class='ocrx_word' id='word_1_162' title='bbox 1023 3205 1178 3310; x_wconf 83' lang='lat' dir='ltr'>Asola,</span> <span class='ocrx_word' id='word_1_163' title='bbox 1208 3211 1467 3310; x_wconf 81' lang='lat' dir='ltr'>Leonntnm,</span> <span class='ocrx_word' id='word_1_164' title='bbox 1493 3232 1538 3294; x_wconf 89' lang='lat' dir='ltr'>et</span> <span class='ocrx_word' id='word_1_165' title='bbox 1564 3205 1691 3296; x_wconf 79' lang='lat' dir='ltr'>Pisca-</span> 
     </span>
     <span class='ocr_line' id='line_1_22' title="bbox 193 3316 1691 3436; baseline 0 -24"><span class='ocrx_word' id='word_1_166' title='bbox 193 3326 253 3413; x_wconf 84' lang='lat' dir='ltr'>tia</span> <span class='ocrx_word' id='word_1_167' title='bbox 281 3384 296 3432; x_wconf 86' lang='lat'>,</span> <span class='ocrx_word' id='word_1_168' title='bbox 325 3323 502 3409; x_wconf 67' lang='lat' dir='ltr'>maximi</span> <span class='ocrx_word' id='word_1_169' title='bbox 531 3316 661 3406; x_wconf 70' lang='lat' dir='ltr'>hercle</span> <span class='ocrx_word' id='word_1_170' title='bbox 691 3323 900 3436; x_wconf 76' lang='lat' dir='ltr'>Gontngae&#39;</span> <span class='ocrx_word' id='word_1_171' title='bbox 923 3323 1102 3433; x_wconf 76' lang='lat' dir='ltr'>iniuria,</span> <span class='ocrx_word' id='word_1_172' title='bbox 1131 3323 1297 3411; x_wconf 81' lang='lat' dir='ltr'>Venetis</span> <span class='ocrx_word' id='word_1_173' title='bbox 1324 3323 1579 3412; x_wconf 83' lang='lat' dir='ltr'>cederentur.</span> <span class='ocrx_word' id='word_1_174' title='bbox 1615 3323 1691 3412; x_wconf 87' lang='lat' dir='ltr'>Vi·</span> 
     </span>
     <span class='ocr_line' id='line_1_23' title="bbox 196 3436 1692 3559; baseline -0.001 -29"><span class='ocrx_word' id='word_1_175' title='bbox 196 3441 394 3543; x_wconf 74' lang='lat' dir='ltr'>todioni,</span> <span class='ocrx_word' id='word_1_176' title='bbox 422 3436 697 3553; x_wconf 80' lang='lat' dir='ltr'>nonnullisque</span> <span class='ocrx_word' id='word_1_177' title='bbox 726 3442 810 3555; x_wconf 81' lang='lat' dir='ltr'>agri</span> <span class='ocrx_word' id='word_1_178' title='bbox 842 3445 1116 3530; x_wconf 73' lang='lat' dir='ltr'>Cremonense</span> <span class='ocrx_word' id='word_1_179' title='bbox 1145 3439 1314 3559; x_wconf 85' lang='lat' dir='ltr'>Oppidis</span> <span class='ocrx_word' id='word_1_180' title='bbox 1343 3440 1412 3529; x_wconf 89' lang='lat' dir='ltr'>suo</span> <span class='ocrx_word' id='word_1_181' title='bbox 1442 3441 1692 3551; x_wconf 77' lang='lat' dir='ltr'>adjediisim·</span> 
     </span>
     <span class='ocr_line' id='line_1_24' title="bbox 196 3553 1693 3680; baseline 0.001 -36"><span class='ocrx_word' id='word_1_182' title='bbox 196 3559 324 3680; x_wconf 82' lang='lat' dir='ltr'>petio,</span> <span class='ocrx_word' id='word_1_183' title='bbox 352 3564 522 3673; x_wconf 79' lang='lat' dir='ltr'>Joannes</span> <span class='ocrx_word' id='word_1_184' title='bbox 555 3553 775 3643; x_wconf 74' lang='lat' dir='ltr'>franciscus</span> <span class='ocrx_word' id='word_1_185' title='bbox 805 3558 924 3646; x_wconf 85' lang='lat' dir='ltr'>linem</span> <span class='ocrx_word' id='word_1_186' title='bbox 956 3559 1050 3650; x_wconf 80' lang='lat' dir='ltr'>lecit</span> <span class='ocrx_word' id='word_1_187' title='bbox 1079 3559 1240 3648; x_wconf 78' lang='lat' dir='ltr'>vivendi</span> <span class='ocrx_word' id='word_1_188' title='bbox 1269 3589 1376 3647; x_wconf 75' lang='lat' dir='ltr'>anno</span> <span class='ocrx_word' id='word_1_189' title='bbox 1405 3561 1693 3648; x_wconf 68' lang='lat' dir='ltr'>Mccccxu</span> 
     </span>
     <span class='ocr_line' id='line_1_25' title="bbox 196 3672 1690 3796; baseline -0.003 -29"><span class='ocrx_word' id='word_1_190' title='bbox 196 3684 272 3768; x_wconf 88' lang='lat' dir='ltr'>1v.</span> <span class='ocrx_word' id='word_1_191' title='bbox 298 3701 468 3794; x_wconf 73' lang='lat' dir='ltr'>quartuor</span> <span class='ocrx_word' id='word_1_192' title='bbox 498 3672 581 3790; x_wconf 88' lang='lat' dir='ltr'>post</span> <span class='ocrx_word' id='word_1_193' title='bbox 609 3672 646 3758; x_wconf 94' lang='lat' dir='ltr'>se</span> <span class='ocrx_word' id='word_1_194' title='bbox 679 3675 824 3764; x_wconf 72' lang='lat' dir='ltr'>resiliit</span> <span class='ocrx_word' id='word_1_195' title='bbox 852 3677 943 3766; x_wconf 79' lang='lat' dir='ltr'>liliis</span> <span class='ocrx_word' id='word_1_196' title='bbox 968 3737 983 3787; x_wconf 86' lang='lat'>‚</span> <span class='ocrx_word' id='word_1_197' title='bbox 1008 3709 1108 3796; x_wconf 81' lang='lat' dir='ltr'>quos</span> <span class='ocrx_word' id='word_1_198' title='bbox 1137 3679 1174 3768; x_wconf 89' lang='lat' dir='ltr'>ei</span> <span class='ocrx_word' id='word_1_199' title='bbox 1206 3676 1328 3764; x_wconf 79' lang='lat' dir='ltr'>Paula</span> <span class='ocrx_word' id='word_1_200' title='bbox 1357 3706 1459 3763; x_wconf 82' lang='lat' dir='ltr'>uxor</span> <span class='ocrx_word' id='word_1_201' title='bbox 1497 3705 1549 3762; x_wconf 85' lang='lat' dir='ltr'>ex</span> <span class='ocrx_word' id='word_1_202' title='bbox 1586 3673 1690 3763; x_wconf 77' lang='lat' dir='ltr'>nnti-</span> 
     </span>
     <span class='ocr_line' id='line_1_26' title="bbox 195 3790 1691 3917; baseline -0.003 -32"><span class='ocrx_word' id='word_1_203' title='bbox 195 3826 275 3917; x_wconf 84' lang='lat' dir='ltr'>quo</span> <span class='ocrx_word' id='word_1_204' title='bbox 306 3794 605 3883; x_wconf 79' lang='lat' dir='ltr'>Malatestatunn</span> <span class='ocrx_word' id='word_1_205' title='bbox 637 3794 809 3882; x_wconf 78' lang='lat' dir='ltr'>Familia</span> <span class='ocrx_word' id='word_1_206' title='bbox 841 3797 1070 3911; x_wconf 76' lang='lat' dir='ltr'>probitate,</span> <span class='ocrx_word' id='word_1_207' title='bbox 1098 3826 1145 3884; x_wconf 82' lang='lat' dir='ltr'>ac</span> <span class='ocrx_word' id='word_1_208' title='bbox 1173 3795 1304 3883; x_wconf 86' lang='lat' dir='ltr'>sotma</span> <span class='ocrx_word' id='word_1_209' title='bbox 1332 3790 1691 3908; x_wconf 78' lang='lat' dir='ltr'>infignisFoemino</span> 
     </span>
     <span class='ocr_line' id='line_1_27' title="bbox 146 3910 1230 4035; baseline 0.006 -42"><span class='ocrx_word' id='word_1_210' title='bbox 146 3980 151 3993; x_wconf 88' lang='lat'><strong><em>.</em></strong></span> <span class='ocrx_word' id='word_1_211' title='bbox 196 3940 435 4035; x_wconf 80' lang='lat' dir='ltr'>pepererat,</span> <span class='ocrx_word' id='word_1_212' title='bbox 463 3910 529 3999; x_wconf 85' lang='lat' dir='ltr'>sun</span> <span class='ocrx_word' id='word_1_213' title='bbox 559 3911 771 4030; x_wconf 88' lang='lat' dir='ltr'>unicuique</span> <span class='ocrx_word' id='word_1_214' title='bbox 803 3916 984 4030; x_wconf 87' lang='lat' dir='ltr'>portione</span> <span class='ocrx_word' id='word_1_215' title='bbox 1013 3915 1230 4030; x_wconf 79' lang='lat' dir='ltr'>assrgnatt.</span> 
     </span>
    </p>

    <p class='ocr_par' dir='ltr' id='par_1_3' title="bbox 199 4024 1792 4483">
     <span class='ocr_line' id='line_1_28' title="bbox 256 4024 1692 4150; baseline -0.001 -31"><span class='ocrx_word' id='word_1_216' title='bbox 256 4040 306 4119; x_wconf 91' lang='lat' dir='ltr'>Itt</span> <span class='ocrx_word' id='word_1_217' title='bbox 337 4030 549 4120; x_wconf 88' lang='lat' dir='ltr'>undecimo</span> <span class='ocrx_word' id='word_1_218' title='bbox 586 4058 776 4143; x_wconf 80' lang='lat' dir='ltr'>argenteo</span> <span class='ocrx_word' id='word_1_219' title='bbox 815 4060 985 4120; x_wconf 88' lang='lat' dir='ltr'>nummo</span> <span class='ocrx_word' id='word_1_220' title='bbox 1024 4031 1256 4150; x_wconf 73' lang='lat' dir='ltr'>exculptam</span> <span class='ocrx_word' id='word_1_221' title='bbox 1294 4054 1459 4149; x_wconf 74' lang='lat' dir='ltr'>apparet</span> <span class='ocrx_word' id='word_1_222' title='bbox 1496 4024 1692 4118; x_wconf 82' lang='lat' dir='ltr'>Ludovici</span> 
     </span>
     <span class='ocr_line' id='line_1_29' title="bbox 199 4150 1792 4266; baseline 0.001 -31"><span class='ocrx_word' id='word_1_223' title='bbox 199 4154 400 4263; x_wconf 82' lang='lat' dir='ltr'>Gonaagae</span> <span class='ocrx_word' id='word_1_224' title='bbox 453 4176 505 4233; x_wconf 82' lang='lat' dir='ltr'>ert</span> <span class='ocrx_word' id='word_1_225' title='bbox 553 4153 706 4259; x_wconf 82' lang='lat' dir='ltr'>Joonne</span> <span class='ocrx_word' id='word_1_226' title='bbox 753 4151 959 4241; x_wconf 82' lang='lat' dir='ltr'>Francisco</span> <span class='ocrx_word' id='word_1_227' title='bbox 1006 4152 1090 4239; x_wconf 83' lang='lat' dir='ltr'>nati</span> <span class='ocrx_word' id='word_1_228' title='bbox 1149 4150 1371 4239; x_wconf 82' lang='lat' dir='ltr'>laureatum</span> <span class='ocrx_word' id='word_1_229' title='bbox 1413 4173 1569 4266; x_wconf 85' lang='lat' dir='ltr'>caput,</span> <span class='ocrx_word' id='word_1_230' title='bbox 1597 4176 1690 4235; x_wconf 86' lang='lat' dir='ltr'>cum</span> <span class='ocrx_word' id='word_1_231' title='bbox 1719 4150 1792 4237; x_wconf 74' lang='lat' dir='ltr'>XI.</span> 
     </span>
     <span class='ocr_line' id='line_1_30' title="bbox 201 4264 1692 4382; baseline 0.001 -30"><span class='ocrx_word' id='word_1_232' title='bbox 201 4265 393 4382; x_wconf 84' lang='lat' dir='ltr'>adscripto</span> <span class='ocrx_word' id='word_1_233' title='bbox 422 4264 617 4351; x_wconf 87' lang='lat' dir='ltr'>nomine.</span> <span class='ocrx_word' id='word_1_234' title='bbox 645 4265 827 4356; x_wconf 84' lang='lat' dir='ltr'>Ostentat</span> <span class='ocrx_word' id='word_1_235' title='bbox 858 4268 1016 4357; x_wconf 84' lang='lat' dir='ltr'>adverso</span> <span class='ocrx_word' id='word_1_236' title='bbox 1047 4275 1206 4358; x_wconf 81' lang='lat' dir='ltr'>Sectam</span> <span class='ocrx_word' id='word_1_237' title='bbox 1236 4266 1417 4357; x_wconf 81' lang='lat' dir='ltr'>Pinidem</span> <span class='ocrx_word' id='word_1_238' title='bbox 1437 4320 1453 4376; x_wconf 81' lang='lat'>,</span> <span class='ocrx_word' id='word_1_239' title='bbox 1470 4293 1512 4356; x_wconf 84' lang='lat' dir='ltr'>et</span> <span class='ocrx_word' id='word_1_240' title='bbox 1540 4265 1692 4354; x_wconf 79' lang='lat' dir='ltr'>lemme</span> 
     </span>
     <span class='ocr_line' id='line_1_31' title="bbox 202 4358 1155 4483; baseline 0 -11"><span class='ocrx_word' id='word_1_241' title='bbox 202 4358 290 4472; x_wconf 76' lang='lat' dir='ltr'>iun</span> <span class='ocrx_word' id='word_1_242' title='bbox 321 4389 623 4483; x_wconf 82' lang='lat' dir='ltr'>snuovruts</span> <span class='ocrx_word' id='word_1_243' title='bbox 652 4390 1155 4477; x_wconf 76' lang='lat' dir='ltr'>Tnnnnuncvnvru.</span> 
     </span>
    </p>

    <p class='ocr_par' dir='ltr' id='par_1_4' title="bbox 200 4498 1819 4972">
     <span class='ocr_line' id='line_1_32' title="bbox 260 4498 1696 4621; baseline -0.002 -32"><span class='ocrx_word' id='word_1_244' title='bbox 260 4502 413 4589; x_wconf 87' lang='lat' dir='ltr'>Eadem</span> <span class='ocrx_word' id='word_1_245' title='bbox 443 4509 558 4591; x_wconf 79' lang='lat' dir='ltr'>Sacra</span> <span class='ocrx_word' id='word_1_246' title='bbox 585 4505 691 4592; x_wconf 81' lang='lat' dir='ltr'>Pixis</span> <span class='ocrx_word' id='word_1_247' title='bbox 720 4502 923 4620; x_wconf 80' lang='lat' dir='ltr'>inspicitur</span> <span class='ocrx_word' id='word_1_248' title='bbox 954 4506 1099 4621; x_wconf 77' lang='lat' dir='ltr'>paritet</span> <span class='ocrx_word' id='word_1_249' title='bbox 1129 4506 1168 4591; x_wconf 90' lang='lat' dir='ltr'>in</span> <span class='ocrx_word' id='word_1_250' title='bbox 1202 4500 1401 4618; x_wconf 87' lang='lat' dir='ltr'>posteriori</span> <span class='ocrx_word' id='word_1_251' title='bbox 1427 4498 1620 4616; x_wconf 84' lang='lat' dir='ltr'>sequentis</span> <span class='ocrx_word' id='word_1_252' title='bbox 1634 4528 1696 4586; x_wconf 82' lang='lat' dir='ltr'>nt·</span> 
     </span>
     <span class='ocr_line' id='line_1_33' title="bbox 200 4618 1819 4757; baseline 0 -51"><span class='ocrx_word' id='word_1_253' title='bbox 200 4618 333 4737; x_wconf 78' lang='lat' dir='ltr'>gentei</span> <span class='ocrx_word' id='word_1_254' title='bbox 365 4622 521 4707; x_wconf 85' lang='lat' dir='ltr'>nummi</span> <span class='ocrx_word' id='word_1_255' title='bbox 554 4622 1399 4757; x_wconf 79' lang='lat' dir='ltr'>patte‚additninscriptioneSANGVINIS</span> <span class='ocrx_word' id='word_1_256' title='bbox 1432 4621 1819 4706; x_wconf 59' lang='lat' dir='ltr'>canistrum.</span> 
     </span>
     <span class='ocr_line' id='line_1_34' title="bbox 200 4733 1812 4854; baseline -0.002 -28"><span class='ocrx_word' id='word_1_257' title='bbox 200 4746 251 4826; x_wconf 88' lang='lat' dir='ltr'>ln</span> <span class='ocrx_word' id='word_1_258' title='bbox 283 4738 471 4825; x_wconf 77' lang='lat' dir='ltr'>anteriori</span> <span class='ocrx_word' id='word_1_259' title='bbox 504 4740 694 4854; x_wconf 82' lang='lat' dir='ltr'>Prtncipit</span> <span class='ocrx_word' id='word_1_260' title='bbox 733 4772 879 4828; x_wconf 88' lang='lat' dir='ltr'>nomen</span> <span class='ocrx_word' id='word_1_261' title='bbox 912 4802 926 4843; x_wconf 83' lang='lat'><strong>‚</strong></span> <span class='ocrx_word' id='word_1_262' title='bbox 965 4769 1004 4827; x_wconf 88' lang='lat' dir='ltr'>et</span> <span class='ocrx_word' id='word_1_263' title='bbox 1046 4744 1211 4829; x_wconf 83' lang='lat' dir='ltr'>stemma</span> <span class='ocrx_word' id='word_1_264' title='bbox 1265 4736 1477 4826; x_wconf 76' lang='lat' dir='ltr'>Gonziacae</span> <span class='ocrx_word' id='word_1_265' title='bbox 1518 4733 1699 4825; x_wconf 65' lang='lat' dir='ltr'>Familia</span> <span class='ocrx_word' id='word_1_266' title='bbox 1808 4806 1812 4809; x_wconf 85' lang='lat'>.</span> 
     </span>
     <span class='ocr_line' id='line_1_35' title="bbox 202 4850 1048 4972; baseline -0.002 -26"><span class='ocrx_word' id='word_1_267' title='bbox 202 4856 507 4970; x_wconf 72' lang='lat' dir='ltr'>abigismundo</span> <span class='ocrx_word' id='word_1_268' title='bbox 537 4850 782 4972; x_wconf 77' lang='lat' dir='ltr'>imperatore</span> <span class='ocrx_word' id='word_1_269' title='bbox 809 4858 1048 4948; x_wconf 84' lang='lat' dir='ltr'>concessum.</span> 
     </span>
    </p>

    <p class='ocr_par' dir='ltr' id='par_1_5' title="bbox 208 4970 1703 5197">
     <span class='ocr_line' id='line_1_36' title="bbox 263 4970 1702 5094; baseline -0.001 -33"><span class='ocrx_word' id='word_1_270' title='bbox 263 4978 407 5061; x_wconf 84' lang='lat' dir='ltr'>Eidem</span> <span class='ocrx_word' id='word_1_271' title='bbox 439 4972 648 5062; x_wconf 90' lang='lat' dir='ltr'>Ludovico</span> <span class='ocrx_word' id='word_1_272' title='bbox 677 4973 944 5064; x_wconf 86' lang='lat' dir='ltr'>adscribuntur</span> <span class='ocrx_word' id='word_1_273' title='bbox 975 4975 1120 5094; x_wconf 85' lang='lat' dir='ltr'>pariter</span> <span class='ocrx_word' id='word_1_274' title='bbox 1158 4975 1240 5060; x_wconf 90' lang='lat' dir='ltr'>duo</span> <span class='ocrx_word' id='word_1_275' title='bbox 1278 4970 1548 5086; x_wconf 81' lang='lat' dir='ltr'>subsequenter</span> <span class='ocrx_word' id='word_1_276' title='bbox 1585 5000 1702 5060; x_wconf 86' lang='lat' dir='ltr'>num·</span> 
     </span>
     <span class='ocr_line' id='line_1_37' title="bbox 208 5090 1703 5197; baseline -0.004 -16"><span class='ocrx_word' id='word_1_277' title='bbox 208 5094 265 5181; x_wconf 89' lang='lat' dir='ltr'>tui</span> <span class='ocrx_word' id='word_1_278' title='bbox 297 5096 437 5178; x_wconf 83' lang='lat' dir='ltr'>aureus</span> <span class='ocrx_word' id='word_1_279' title='bbox 468 5124 604 5197; x_wconf 80' lang='lat' dir='ltr'>unus,</span> <span class='ocrx_word' id='word_1_280' title='bbox 634 5123 841 5195; x_wconf 73' lang='lat' dir='ltr'>arnentens</span> <span class='ocrx_word' id='word_1_281' title='bbox 880 5098 1001 5181; x_wconf 83' lang='lat' dir='ltr'>alter.</span> <span class='ocrx_word' id='word_1_282' title='bbox 1041 5100 1086 5180; x_wconf 89' lang='lat' dir='ltr'>ln</span> <span class='ocrx_word' id='word_1_283' title='bbox 1119 5122 1238 5180; x_wconf 87' lang='lat' dir='ltr'>aureo</span> <span class='ocrx_word' id='word_1_284' title='bbox 1277 5090 1492 5177; x_wconf 86' lang='lat' dir='ltr'>oslenditnt</span> <span class='ocrx_word' id='word_1_285' title='bbox 1530 5119 1582 5177; x_wconf 81' lang='lat' dir='ltr'>ent</span> <span class='ocrx_word' id='word_1_286' title='bbox 1624 5118 1703 5175; x_wconf 80' lang='lat' dir='ltr'>una</span> 
     </span>
    </p>
   </div>
   <div class='ocr_carea' id='block_1_3' title="bbox 210 5195 1872 5418">
    <p class='ocr_par' dir='ltr' id='par_1_6' title="bbox 210 5195 1872 5418">
     <span class='ocr_line' id='line_1_38' title="bbox 210 5195 1872 5418; baseline 0.004 -122"><span class='ocrx_word' id='word_1_287' title='bbox 210 5238 321 5327; x_wconf 75' lang='lat' dir='ltr'>parte</span> <span class='ocrx_word' id='word_1_288' title='bbox 350 5212 548 5329; x_wconf 74' lang='lat' dir='ltr'>ipsiusmet</span> <span class='ocrx_word' id='word_1_289' title='bbox 576 5195 827 5303; x_wconf 80' lang='lat' dir='ltr'>Mntcltionis</span> <span class='ocrx_word' id='word_1_290' title='bbox 857 5213 990 5418; x_wconf 62' lang='lat' dir='ltr'>[leptis</span> <span class='ocrx_word' id='word_1_291' title='bbox 1020 5212 1191 5328; x_wconf 77' lang='lat' dir='ltr'>imago,</span> <span class='ocrx_word' id='word_1_292' title='bbox 1218 5208 1356 5298; x_wconf 76' lang='lat' dir='ltr'>dentre</span> <span class='ocrx_word' id='word_1_293' title='bbox 1385 5207 1561 5326; x_wconf 77' lang='lat' dir='ltr'>gladium</span> <span class='ocrx_word' id='word_1_294' title='bbox 1604 5205 1706 5338; x_wconf 72' lang='lat' dir='ltr'>susti·</span> <span class='ocrx_word' id='word_1_295' title='bbox 1736 5256 1872 5345; x_wconf 35' lang='lat' dir='ltr'>xmo.</span> 
     </span>
     <span class='ocr_line' id='line_1_39' title="bbox 972 5348 1652 5416; baseline 0.026 -24"><span class='ocrx_word' id='word_1_296' title='bbox 972 5361 995 5416; x_wconf 74' lang='lat'>2</span> <span class='ocrx_word' id='word_1_297' title='bbox 1519 5348 1652 5409; x_wconf 80' lang='lat' dir='ltr'>nenut</span> 
     </span>
    </p>
   </div>
   <div class='ocr_carea' id='block_1_4' title="bbox 0 0 2243 6240">
    <p class='ocr_par' dir='ltr' id='par_1_7' title="bbox 0 0 2243 6240">
     <span class='ocr_line' id='line_1_40' title="bbox 0 0 2243 6240; baseline 0 0"><span class='ocrx_word' id='word_1_298' title='bbox 0 0 2243 6240; x_wconf 95' lang='lat' dir='ltr'> </span> 
     </span>
    </p>
   </div>
  </div>
 </body>
</html>
