4460 6240
368 665 1392 787 Nouatum-nris
1552 710 1617 814 57

190 892 411 987 inclamant
431 929 442 984 z
476 896 619 1016 quibus
649 928 675 989 a
697 893 916 987 Catharina
934 890 1133 1010 exceptis,
1151 892 1352 983 ssortiano
1370 894 1510 1014 llipata
1530 896 1687 1009 milite,

192 1042 374 1103 extrema
410 1016 562 1132 Aprilis
591 1016 655 1105 die
692 1019 808 1133 pedes
846 1019 1004 1106 Urbem
1043 1010 1209 1125 ingressa
1259 1013 1394 1100 Sansii
1437 1018 1687 1109 Mercurialis

193 1132 391 1250 templum
424 1134 601 1248 primum
631 1134 931 1239 consalutauit;
963 1126 1054 1216 dein
1083 1127 1285 1217 funeribus
1314 1159 1500 1219 emortuo
1540 1139 1689 1226 marito

192 1246 1691 1481 iiiiiibiiiiiiiiniffiiimilird⁰¹iidiii¹lnii

198 1481 742 1601 ronymililioinPrinciparu
772 1483 1159 1593 confirmato,atque
1188 1508 1212 1565 a
1244 1481 1391 1598 populo
1400 1482 1626 1593 juramento
1651 1490 1693 1576 ll-

202 1597 377 1684 deliratis
407 1627 606 1716 accepto,
634 1627 765 1688 mater
794 1603 847 1687 ob
878 1598 989 1716 pueri
1019 1597 1343 1719 imbecillitatem
1373 1630 1467 1688 cunr
1507 1611 1692 1694 Urbanas

201 1744 263 1802 res
301 1715 569 1802 administrare
608 1718 808 1835 cepisset,
845 1717 990 1805 acriter
1027 1714 1070 1800 in
1111 1714 1433 1830 conspiratores,
1471 1717 1693 1840 sceleslique

202 1829 315 1919 ausus
342 1831 516 1927 conscios
544 1834 800 1946 iusavitum3
829 1834 900 1921 alii
931 1834 1031 1946 julio
1058 1828 1250 1947 supplicio
1277 1833 1441 1944 afferri,
1469 1836 1540 1924 alii
1570 1842 1695 1929 exilio

201 1947 419 2056 muldiati3
449 1978 589 2037 eorum
620 1951 769 2049 domus,
792 1951 963 2056 eversa,
989 1944 1285 2066 conscriptaque
1316 1951 1446 2039 bona.
1491 1958 1694 2046 Ceterirm

200 2062 270 2149 ubi
310 2062 414 2148 ultio
453 2065 650 2179 quievit,
690 2095 801 2157 tanta
841 2066 1106 2183 integritate,
1145 2066 1387 2182 prudentia,
1427 2069 1695 2192 sapientiaque

201 2179 486 2269 Forolivienses
515 2213 576 2273 tes
605 2186 849 2294 moderata,
876 2213 924 2272 ut
953 2185 1062 2272 aliud
1091 2183 1250 2272 nullum
1317 2214 1429 2274 raeter
1468 2195 1695 2283 catharinae

203 2295 269 2410 (1)
299 2297 514 2413 imperium
545 2330 825 2419 exoptaretur·.
856 2309 954 2389 Haec
984 2302 1091 2389 inter
1118 2216 1348 2387 Alexanlir
1370 2311 1439 2390 vi.
1468 2333 1565 2399 tuuc
1596 2311 1698 2401 sum·

201 2444 290 2501 mus
319 2415 503 2501 Pontifex
533 2449 625 2503 cum
656 2417 1151 2530 Umbriae,Flnminiaeque
1180 2414 1358 2528 Regulos
1387 2449 1410 2504 e
1441 2421 1515 2509 suis
1543 2427 1697 2517 sedibus

196 2531 718 2648 deturbare,occupatasque
752 2534 879 2621 Urbes
907 2532 950 2617 in
981 2530 1110 2617 filium
1141 2529 1253 2617 suum
1285 2532 1476 2622 caesarem
1505 2547 1697 2661 Bongiana

197 2647 461 2733 Valentinum
492 2649 643 2735 dicium
672 2649 880 2760 transferre
911 2647 1122 2754 sanxisset,
1153 2646 1370 2734 Catharina
1401 2652 1470 2738 sub
1501 2660 1618 2771 huju,
1634 2689 1696 2773 ty.

197 2764 404 2853 renuidem
434 2763 566 2882 prima
595 2765 756 2853 cecidit.
786 2772 907 2853 Anno
937 2767 1392 2879 ergoMCCCCXClX.
1424 2775 1701 2890 Borgia,'Hel·

199 2883 399 2970 veriorum
429 2881 569 2997 Copiis
598 2884 777 2972 mercede
806 2879 1269 2997 eondudiis,auxiliisque
1300 2885 1496 2975 Ludouici
1526 2898 1698 2983 Franco·

199 3029 292 3088 rum
323 2999 445 3113 Regis
475 2998 596 3087 fultus
626 3063 639 3105 ,
670 3009 774 3088 Foro
804 2998 982 3089 Cornelii
1011 2998 1054 3085 in
1084 2999 1329 3085 deditionem
1359 3000 1523 3109 habito,
1541 3036 1583 3096 et
1612 3013 1698 3125 ejus

199 3124 306 3208 Arce
333 3144 688 3232 expugnata,cum
717 3117 816 3230 justo
854 3115 1031 3206 exercitu
1071 3113 1320 3202 Foroliviuui
1361 3126 1610 3234 properavit.
1638 3136 1701 3224 At

201 3234 343 3325 Riaria
375 3263 445 3321 nec
476 3234 680 3323 Valentini
712 3234 908 3340 audacia,
938 3262 1064 3347 neque
1096 3230 1276 3318 militum
1318 3236 1577 3331 multitudine
1617 3276 1702 3363 per·

202 3352 376 3456 territa,
401 3381 497 3437 cum
537 3353 728 3467 populum
778 3353 820 3440 iu
861 3353 936 3440 fide
977 3351 1221 3439 titubantem
1266 3350 1520 3470 conspexisset
1540 3364 1701 3469 ,tuliis
1753 3395 1761 3408 ·

206 3500 302 3557 cum
334 3467 441 3581 gazis
487 3469 734 3557 Florentiam
767 3472 918 3576 millis,
946 3469 989 3554 iu
1021 3475 1166 3556 Arcem
1200 3465 1334 3554 valido
1373 3470 1575 3566 firmatam
1605 3512 1700 3599 prae·

205 3584 307 3671 idio
333 3611 636 3702 commeatuque
652 3587 938 3703 ,quoscumque
977 3585 1027 3672 ad
1066 3584 1282 3673 subeundos
1311 3586 1418 3676 casus
1447 3592 1632 3714 prompra
1662 3599 1701 3688 se

209 3700 250 3791 se
288 3700 456 3823 recepit.
484 3705 722 3793 Valentinus
750 3705 928 3813 interea,
957 3703 1106 3821 populo
1134 3705 1428 3809 annuente,die
1461 3716 1591 3797 XVII.
1622 3722 1701 3804 De·

209 3820 381 3908 cembris
411 3823 565 3909 Urbem
607 3822 770 3912 solemni
812 3850 961 3938 pompa
1003 3818 1222 3932 ingressus,
1250 3845 1467 3933 autequam
1505 3827 1701 3919 hostiliter

208 3965 425 4054 ageretur,
452 3941 590 4026 Riaria
620 3944 669 4026 ad
700 3938 945 4053 colloquium
978 3964 1048 4052 per
1075 3934 1373 4021 caduceatorem
1406 3946 1732 4060 evocata,ejus,

210 4083 293 4142 nou
320 4053 536 4141 inhonestis
566 4057 769 4169 propositis
798 4054 1090 4142 conditionibus
1118 4051 1299 4137 animum
1330 4052 1497 4146 delinire
1513 4089 1583 4167 ,ac
1611 4093 1704 4153 con·

212 4169 400 4258 {ianuam
428 4171 583 4259 neuere
612 4173 814 4261 nitebatur
821 4197 836 4282 3
863 4172 934 4289 qui
965 4200 1081 4280 cum,
1097 4198 1138 4256 re
1167 4166 1337 4278 iniecta,
1364 4173 1563 4286 rediisset,
1590 4180 1707 4273 Arcit

923 4293 969 4377 H
1526 4324 1651 4415 expu-

266 4569 321 4648 (ι)
344 4580 417 4640 Hoc
438 4588 560 4651 quoque
581 4570 619 4638 ad
642 4571 730 4651 bajus
752 4572 907 4639 Heroinae
936 4570 1043 4637 lauder
1072 4573 1194 4649 placuit
1221 4570 1413 4639 addendume
1436 4570 1519 4651 quod
1546 4592 1619 4641 cum
1647 4575 1709 4643 ali·

223 4653 349 4730 quando
368 4660 500 4736 loannes
522 4652 685 4723 Mediceus
707 4656 901 4724 forolivium
920 4648 1088 4721 accellifl'et
1105 4698 1118 4733 ,
1137 4653 1215 4719 aden
1234 4657 1369 4732 caream
1389 4654 1456 4732 eius
1485 4656 1583 4718 animi
1602 4698 1614 4735 ,
1633 4677 1708 4722 coru

221 4728 368 4814 purisque
388 4732 517 4799 dotibus
538 4733 637 4798 fuerit
658 4736 778 4803 illediua
800 4782 813 4814 ,
834 4755 870 4799 ut
892 4726 944 4800 irbi
967 4735 1078 4798 oculto
1099 4740 1302 4799 matrimonio
1324 4735 1528 4812 copulaverit
1551 4779 1562 4813 ,
1582 4752 1621 4802 ex
1643 4756 1707 4815 quo

219 4830 313 4882 natue
333 4815 375 4880 eil
397 4815 528 4895 ioannes
552 4815 605 4879 ilie
626 4812 760 4878 militari
781 4818 881 4895 gloria
905 4811 1140 4881 florentissimus
1162 4859 1172 4892 ,
1193 4832 1290 4892 atque
1312 4815 1352 4883 ob
1375 4812 1526 4893 pra-clara
1546 4814 1625 4892 gella
1640 4837 1710 4884 me-

222 4898 293 4962 rito
314 4894 353 4961 ab
374 4896 461 4963 iilius
482 4897 543 4959 aeti
566 4894 780 4973 scriptoribus
802 4902 913 4978 faigm
927 4898 1011 4981 peili
1031 4899 1220 4976 vocitatueq
1241 4900 1294 4971 qui
1317 4915 1388 4964 euru
1410 4914 1493 4961 auno
1513 4886 1714 4966 MDXXVI.

223 4974 262 5043 ad
300 4983 515 5044 Aeroveuturn
547 4980 732 5041 Mantuanae
767 4975 900 5042 ditionis
930 4975 1081 5055 oppidum
1104 4999 1165 5041 nou
1188 4977 1336 5054 procula
1360 4976 1497 5047 Padoiu
1521 4977 1712 5045 Urbinatem

224 5060 352 5124 Ducem
384 5055 611 5122 sederaeoruru
641 5060 866 5134 imperatorur
894 5048 1027 5122 sortiter
1055 5056 1246 5133 dimicaret,
1273 5080 1295 5121 a
1316 5057 1422 5124 ferreo
1443 5054 1534 5135 globo
1556 5061 1588 5123 in
1616 5075 1714 5126 crure

225 5137 412 5219 percussus,
436 5144 602 5204 Mantuam
629 5136 753 5203 delatus
776 5184 783 5213 ,
806 5135 928 5202 sextum
966 5136 1033 5212 poll
1053 5136 1137 5204 diem
1161 5139 1308 5204 interiit:
1327 5158 1401 5203 eum
1421 5150 1517 5205 autea
1543 5151 1584 5205 tx
1613 5140 1721 5204 Maria

226 5218 357 5285 Salriati
379 5242 478 5287 uxore
499 5218 651 5286 Cosmum
673 5215 840 5284 intulisset
863 5219 946 5297 ,qui
970 5215 1031 5294 pou
1056 5219 1229 5284 Alexandri
1250 5239 1388 5286 mortem
1414 5221 1629 5285 Florentinum
1649 5216 1718 5314 adi·

227 5300 279 5364 rit
301 5304 549 5383 principatum,
571 5305 604 5369 in
626 5319 690 5379 quo
712 5297 861 5379 deinceps
884 5296 965 5378 filii,
983 5297 1172 5376 nepotesque
1195 5315 1251 5377 uer
1271 5297 1333 5369 duo
1353 5300 1455 5371 struis
1477 5296 1589 5368 metu
1608 5312 1718 5366 conta·
1799 5314 1801 5318 ⁴

226 5397 383 5453 niumm.
