4460 6240
386 592 620 710 NON
689 583 1417 702 EVULGATIS
1562 622 1585 713 5

178 849 243 911 tre
272 843 432 909 curante
461 878 477 927 ,
505 814 780 925 adinvenisse3
809 811 903 900 hinc
933 811 1082 900 fabium
1112 813 1166 899 est
1195 872 1209 921 ,
1236 815 1341 930 quod
1372 815 1421 901 src
1460 811 1675 901 hallucina-

178 928 435 1025 tisansium
463 934 579 1024 suum
615 933 834 1044 cyriacum
865 990 880 1039 ,
908 955 950 1019 et
978 929 1021 1015 in
1062 931 1261 1017 Cathedra
1300 926 1677 1041 Hierolosomytana

177 1052 352 1163 sedisse,
379 1080 421 1141 et
451 1052 602 1139 Sandla
631 1050 771 1140 Crucis
800 1048 1052 1136 inventorem
1081 1046 1355 1135 credidissent:
1385 1047 1428 1133 in
1458 1046 1568 1160 cujus
1583 1046 1677 1137 fatti

178 1171 419 1260 memoriam
450 1168 637 1258 Sentium
666 1169 709 1254 in
740 1166 837 1253 lava
867 1172 1037 1275 Grueem
1067 1165 1284 1282 gestantem
1314 1165 1357 1250 in
1387 1168 1507 1253 hacce
1536 1226 1551 1272 ,
1579 1166 1678 1255 aliis·

178 1318 260 1405 que
292 1287 463 1376 monetis
493 1287 769 1404 depinxerunt.
799 1286 902 1485 (ἐπ
931 1281 1067 1369 omnia
1111 1311 1161 1369 ex
1202 1282 1471 1399 apocryphis,
1500 1308 1541 1369 et
1571 1312 1678 1372 corn·

150 1432 407 1492 mentorum
442 1404 574 1520 plenis
601 1404 715 1490 Asiis
752 1400 807 1487 sui
839 1429 860 1486 e
898 1399 1073 1486 delibata
1113 1396 1289 1485 maxime
1318 1398 1489 1515 dignosci
1519 1401 1643 1516 potest
1661 1434 1679 1484 .·

157 1522 286 1638 ·quod
314 1520 446 1608 nullus
476 1522 673 1634 Cyriacus.
695 1518 858 1605 nomine
886 1515 930 1603 in
959 1515 1430 1629 Hierosolomytanotum
1470 1516 1678 1635 Episcopo·

179 1666 273 1726 rum
312 1637 510 1753 catalogo
549 1636 791 1727 recenseatur
820 1663 833 1745 ;
860 1663 989 1749 neque
1030 1632 1201 1745 Cyriaco
1229 1696 1244 1740 ,
1275 1633 1337 1721 sed
1377 1635 1558 1721 Macario
1587 1695 1601 1738 ,
1631 1665 1678 1726 ut

155 1756 419 1872 «Teophanes
442 1779 656 1869 coetaneus
685 1754 862 1871 Scripeor
892 1750 1071 1866 perhibet
1098 1811 1111 1858 ,
1135 1752 1280 1845 L‘tucis
1319 1751 1501 1838 inventio
1540 1751 1677 1841 adscri-
1804 1776 1812 1786 ·

153 1871 393 1960 bidebeat
420 1930 433 1958 .
462 1871 776 1988 Quamplurima
806 1868 1114 1984 validissimaque
1144 1872 1193 1955 ad
1213 1873 1359 1956 hancce
1390 1866 1676 1986 agnoscendam

178 1988 394 2107 veritatem
423 2049 437 2094 ,
466 2019 492 2075 a
520 1989 751 2078 Bolandistis
780 1988 828 2072 de
859 1986 985 2075 Gestis
1015 1990 1051 2073 S.
1083 1986 1241 2098 Cyriaci
1273 1988 1322 2073 ad
1353 1986 1458 2072 diem
1490 2012 1676 2100 quartam

176 2106 283 2191 Maii
311 2105 581 2194 disserentibus
610 2107 826 2193 afferuntur
854 2131 1111 2219 argumenta;
1131 2105 1181 2190 ud
1211 2134 1308 2220 quos
1328 2105 1528 2193 eruditum
1559 2102 1678 2193 lesio·

175 2249 262 2309 rem
292 2222 555 2311 remittimus.
944 2228 948 2237 ’
1216 2258 1219 2263 ·
1465 2270 1467 2277 ·
1616 2242 1621 2249 ’

233 2345 282 2425 In
325 2341 478 2426 duobus
516 2341 833 2457 sublevantibus
873 2344 1069 2477 argenteis
1108 2343 1284 2431 nummis
1332 2340 1504 2452 ejusdem
1543 2339 1676 2431 Sane‘ii
1707 2343 1819 2427 XIII.

131 2560 136 2569 ¹
175 2455 409 2561 ProreRoris
437 2456 571 2545 stantis
601 2460 892 2594 representatur
922 2490 1060 2574 imago
1088 2489 1177 2546 cuna
1211 2462 1294 2568 ejus
1334 2460 1495 2545 nomine
1534 2455 1575 2541 in
1607 2457 1679 2544 eir·

175 2573 311 2660 cuitu·
342 2580 383 2664 A
415 2602 527 2690 tergo
557 2579 681 2663 Urbis
709 2576 856 2692 insigne
887 2575 991 2663 hisce
1020 2578 1305 2665 charaileribus
1335 2576 1377 2662 in
1408 2580 1501 2662 orbe
1543 2604 1676 2662 exara·

179 2687 249 2777 tis.
278 2695 490 2779 ANCON.
522 2700 574 2779 l).
616 2698 856 2781 CIVITAS.
897 2699 1005 2780 FlD.
1049 2700 1207 2777 Ancona
1249 2695 1386 2779 Dorica
1416 2694 1573 2776 Civitas
1602 2698 1641 2778 F
1642 2693 1672 2776 i·
1701 2695 1815 2782 XIV·

177 2801 269 2893 tici.
309 2807 475 2911 Doricos
513 2808 725 2897 fundavisse
765 2818 973 2897 Quonam
1016 2841 1039 2898 a
1079 2788 1281 2899 nonnuliis
1322 2807 1565 2927 Scriporibus
1596 2838 1678 2898 me·

180 2923 316 3021 moria
346 2926 548 3042 proditum
591 2927 645 3013 est
674 2986 688 3033 ,
717 2924 892 3012 maxime
932 2927 974 3010 id
1018 2928 1213 3038 Juvenale
1243 2986 1258 3033 ,
1286 2928 1395 3036 cujus
1434 2924 1553 3014 verba
1592 2926 1679 3012 sub·

184 3042 340 3128 nedum
370 3100 386 3149 ,
416 3044 577 3131 testante
622 3061 667 3122 t:
697 3050 806 3128 Ante
837 3047 998 3125 Domum
1031 3043 1184 3126 Veneris
1210 3074 1324 3155 ,quum
1354 3044 1492 3126 Dorica
1509 3041 1678 3155 sustinet

186 3164 321 3244 Aaron
351 3175 396 3238 Ξ
438 3164 682 3267 Austrum,
711 3160 775 3245 cui
805 3158 1008 3245 assentitur
1037 3159 1198 3261 Plinius,
1228 3161 1278 3246 ad
1308 3158 1564 3271 syracusanos
1593 3159 1676 3270 ejus

157 3274 306 3362 -resert
345 3275 584 3391 originem,
621 3278 763 3393 quia
813 3275 977 3362 Dionisri
1019 3277 1226 3387 tyrannide
1267 3277 1549 3383 declinantes,
1592 3277 1675 3391 post

160 3382 315 3506 longae
344 3393 605 3507 navigationis
635 3393 746 3482 radia
777 3394 1012 3481 Cumetium
1042 3392 1222 3510 appulsu,
1250 3424 1299 3482 eo
1328 3398 1370 3480 in
1401 3391 1490 3481 loco
1517 3396 1675 3481 Urbem

185 3506 394 3595 condidere
423 3568 437 3616 ,
466 3536 584 3625 quam
615 3542 640 3597 a
670 3510 815 3598 littoris
844 3509 1039 3599 curvitate
1069 3571 1083 3618 ‚
1112 3515 1247 3597 Aaron
1277 3541 1397 3628 grace
1427 3509 1561 3616 dida,
1590 3515 1673 3597 An·

185 3651 324 3710 conam
356 3626 610 3715 nominarunt
628 3630 734 3714 ..Ad
759 3627 840 3714 hoc
871 3628 986 3744 pottb
1016 3627 1260 3745 Scriptorum
1291 3625 1482 3715 dissidium
1514 3625 1672 3714 concili·

181 3743 328 3827 andum
358 3770 373 3852 3
402 3772 426 3830 a
457 3747 614 3832 Doricis
641 3775 665 3832 a
695 3744 961 3831 fundamentis
999 3746 1219 3832 extrudam
1251 3806 1265 3851 ,
1294 3772 1334 3833 et
1363 3776 1387 3831 a
1426 3742 1672 3854 Syracusanis

163 3858 334 3944 ‘audam
364 3859 523 3949 asserere
552 3863 611 3949 sus
634 3863 721 3947 est.
751 3870 812 3950 Ur
843 3888 887 3952 ut
925 3872 1061 3949 autern
1092 3861 1146 3947 se'
1169 3865 1312 3947 habeat
1343 3889 1438 3949 rese
1466 3858 1564 3944 citra
1602 3858 1672 3943 du·

167 3972 290 4060 ‘bium
321 3980 476 4065 Urbem
506 3985 611 4066 hanc
641 3986 830 4077 Romano
858 3979 967 4067 suiffe
997 3976 1193 4067 addiilam
1233 3978 1409 4095 Imperio
1438 4033 1453 4080 ,
1480 3972 1671 4090 quamdib

174 4089 258 4201 ejus
280 4204 283 4209 Q
303 4095 483 4207 potentia
522 4096 672 4199 stetit,
712 4096 1052 4214 deprompsimus3
1082 4093 1173 4181 dein
1215 4093 1282 4185 sub
1322 4094 1551 4182 Gothorum
1584 4151 1599 4197 ,
1627 4117 1669 4183 et

164 4210 528 4321 ·Longobardorum
559 4211 757 4326 ingemuit
789 4215 883 4327 iugo
915 4247 933 4324 ;
961 4230 1043 4349 quo
1072 4210 1258 4322 excusso,
1288 4239 1328 4299 et
1359 4211 1413 4299 sui
1445 4207 1538 4320 jutis
1564 4207 1669 4295 farta

180 4323 217 4409 se
259 4327 295 4409 se
336 4327 403 4413 sub
450 4359 584 4414 annuo
625 4329 778 4416 tributo
815 4331 1047 4447 Apostolrcar
1085 4330 1175 4419 Sedi
1215 4328 1258 4416 in
1290 4328 1532 4419 Clientelam
1560 4324 1668 4417 dedit

171 4466 279 4534 anno
308 4448 624 4532 DCCLXXqu
659 4445 930 4534 ASaracenis
957 4447 1048 4534 dein
1080 4448 1159 4535 sub'
1186 4446 1306 4534 dublu
1346 4449 1480 4534 Sabbas
1520 4441 1668 4547 ferro,

171 4560 412 4670 flammaque
441 4561 570 4648 deleta
601 4589 683 4669 ,et
714 4595 738 4651 a
768 4566 934 4651 Civibus
956 4565 1073 4679 ,qui
1114 4564 1214 4650 cladi
1254 4561 1477 4678 supererant
1507 4619 1521 4664 ,
1549 4557 1668 4645 finiti·

171 4669 325 4784 misque
351 4673 405 4759 ad
443 4678 545 4765 hanc
565 4681 853 4789 confluentibus
888 4681 1052 4797 Populis
1083 4680 1275 4795 paulatim
1297 4680 1544 4780 instaurata,
1579 4675 1665 4761 aedi·

172 4786 342 4902 ficiisque
381 4793 493 4877 ausis
535 4853 550 4899 ,
596 4796 663 4880 sub
692 4792 949 4884 Sexviro'rum
981 4798 1213 4913 Magistratu
1244 4797 1287 4882 in
1325 4794 1409 4882 sua·
1439 4797 1665 4897 libertate,

174 4900 282 4989 salvo
313 4931 447 4993 tamen
479 4911 711 4998 Clientelari
743 4914 827 5026 jure
870 4913 962 5000 Sedi
1001 4914 1234 5030 Apostolicae
1273 4971 1287 5016 ,
1325 4910 1573 4999 continuavit
1613 4911 1663 4995 ad

171 5048 322 5105 annum
355 5023 471 5138 usque
491 5032 758 5114 MDXXXII.
787 5029 1063 5143 qunClemens
1092 5036 1186 5114 Vll.
1219 5028 1416 5115 summum
1448 5028 1568 5116 Urbis
1596 5025 1663 5110 do·

162 5136 346 5225 minium
386 5146 470 5227 arte
512 5146 657 5227 habere
704 5146 807 5260 cepit
836 5205 853 5255 ,
878 5176 925 5235 ac
953 5145 996 5234 in
1017 5145 1119 5259 ejus
1147 5146 1426 5237 snecefforibus
1454 5145 1503 5232 ad
1532 5170 1660 5227 aevum

174 5252 261 5341 hoc«
281 5255 452 5353 nostrum
485 5257 681 5379 perrexit.
1411 5268 1459 5353 ln
1490 5257 1604 5351 Deci·
1667 5271 1694 5351 f
