1115 1558
305 142 353 170 128
448 141 518 169 DE
554 139 826 169 MONETIS

260 197 338 224 dicato,
342 197 367 219 ad
382 196 466 226 Ripaliae
482 196 608 219 solitudinem
622 197 756 219 Gebennensss
771 197 830 222 Dioee
831 197 864 218 elis
880 195 963 223 seceffit;
978 195 1017 218 ibi-

262 235 301 256 que
317 227 338 248 in
353 227 473 256 poenitentia
489 226 506 248 se
522 226 570 255 egit,
585 227 655 253 donec,
669 226 807 255 quinquennio
822 226 873 255 post,
887 226 908 247 iu
923 226 1017 248 Bafilensx

262 257 355 279 Concilio
370 263 439 278 eontra
455 256 570 290 Eugenium
585 257 621 277 IV.
637 255 711 277 Pseudo
722 255 814 277 Pontifex
828 255 891 277 fastus
906 255 978 278 Felicis
993 257 1022 277 V.

262 294 338 309 nomen
353 286 429 315 affump
429 286 467 307 sit.
482 288 531 315 Quo
546 285 568 307 in
583 292 666 307 munere
682 286 728 307 chm
743 285 761 307 se
777 285 802 307 ad
817 293 893 307 annum
915 286 1023 308 MCCCC·

265 318 338 338 XLIX.
353 294 474 342 exercuilffet,
484 315 597 337 honorificis
612 315 760 337 conditionibus
775 315 869 344 dignitati
886 314 1023 337 renuntiavit·

265 346 378 374 iterumque
394 345 496 374 Ripaliam
512 344 614 372 reversus,
619 344 700 366 biennio
715 345 763 374 post,
777 344 819 366 fato
834 344 935 366 couceffit.

296 375 330 397 Ad
345 375 471 396 Ludovicum
481 374 603 396 exAmedeo
611 375 670 396 VIII
685 381 756 396 natum
762 374 835 404 speaat
849 374 942 396 secundus
957 380 1026 401 aereus,

227 411 255 432 Π,
269 412 304 434 qiu
319 405 401 426 vivente
416 406 474 426 Patre
490 404 535 425 iniit
551 404 687 433 Principarum
697 419 704 431 ‚
710 405 823 437 tenuitque
838 404 863 425 ad
878 411 954 426 annum
969 405 1023 425 MC·

269 435 388 456 CCCLXV.
403 435 427 455 In
443 433 507 463 prima
522 435 602 455 nummi
616 433 681 455 fronte
697 433 738 461 ejus
752 440 827 455 nomen
847 440 929 463 apparet
951 432 1022 455 inscul-

268 470 338 493 ptum.
352 465 376 485 In
391 463 474 485 adversae
489 463 537 484 orbe
553 464 588 486 hec
604 463 664 485 verba
679 470 759 485 exuam
780 464 927 492 perpenduntur
946 464 1023 484 PRIN-

269 494 335 515 CEPS
351 493 448 514 IMPI-:n'i
463 507 470 518 ‚
485 499 505 514 et
520 492 541 513 iu
558 492 624 514 medio
639 493 669 513 hae
684 492 730 521 figlf
746 494 768 514 F.
775 494 799 514 E.
804 494 829 514 R.
834 495 861 514 T.
876 492 929 514 Cum
945 492 967 514 in
986 491 1023 513 eri-

269 522 341 552 pienda
356 523 382 543 ab
397 520 508 543 infidelium
524 522 615 543 manibus
631 521 705 543 Rhodo
720 521 786 543 Insula
801 529 854 543 anno
874 522 1022 544 MCCCIX.

269 551 356 573 Amedei
371 552 397 572 V.
411 551 507 579 sabaudie
517 550 612 579 Principis
627 550 690 572 virtus
705 551 826 573 emicuisset
822 568 827 573 .
836 551 884 573 hine
898 550 974 573 fastum
989 550 1025 577 est,

272 587 296 603 ut
311 581 336 602 ad
351 587 406 608 tant}
422 580 450 601 rei
466 580 586 601 memoriam
601 579 735 601 Sabaudieulis
750 579 835 602 Crucem
851 581 919 602 albam
938 579 1026 602 Gentili-

273 610 303 632 tio
317 610 351 631 suo
366 609 466 631 stemmati
481 609 578 631 addiderit
593 609 645 631 hisce
660 616 746 638 quatuor
766 610 905 632 intermixtam
927 609 1026 631 charafile-

273 639 341 691 ιὰι-ὺιις
347 640 370 660 F.
381 640 405 660 E.
415 640 440 660 R.
449 640 477 661 T.
495 639 531 667 qui
544 639 570 660 fic
584 639 741 685 interpretantur
755 639 857 661 Fortitudo
871 640 921 666 Ejus
936 638 1027 660 Rhodum

295 674 365 690 ΙηΙίΙῘ

424 727 436 749 1
575 741 581 746 κ
804 730 815 751 1
831 727 843 749 Ι

337 971 564 1002 SALUTIAR
571 972 642 1001 ΠΜ
674 970 968 1003 MARCHIONES

278 1044 398 1100 PRimus
411 1079 516 1108 argenteus
530 1080 626 1096 nummus
640 1073 724 1096 ostendit
744 1074 841 1097 Lude-vici
861 1073 986 1097 Marchionis
1005 1070 1032 1094 ef-

249 1114 266 1136 1·
281 1103 348 1133 figiem
356 1111 401 1125 cum
407 1103 513 1133 epigraphe
519 1105 688 1126 LVDOVICVS.
704 1104 791 1125 Marchio
799 1104 1002 1127 SALVTIARVM-
1010 1103 1031 1123 A

281 1140 338 1162 tergo
353 1132 421 1154 vifirur
436 1133 518 1155 San-stus
526 1133 652 1155 Constantius
667 1140 719 1162 equo
734 1133 832 1161 infidens,
840 1134 908 1157 addita
923 1133 995 1162 instrip
995 1131 1031 1153 tio·

279 1170 304 1184 ne
319 1163 447 1184 SANCTVS
462 1163 652 1185 COSTANTIVS.
671 1164 773 1186 Nummus
787 1164 821 1186 sub
829 1165 933 1187 Ludovico
948 1165 975 1186 II·
982 1141 1032 1183 pfilss

281 1192 370 1221 proditus
384 1207 391 1219 ‚
405 1191 440 1221 qui
456 1192 497 1221 post
512 1199 600 1214 mortem
614 1192 678 1214 Patris
692 1192 745 1221 cepit
759 1193 858 1216 dominari
874 1202 928 1217 anno
944 1193 1032 1216 MCCC·

283 1222 383 1243 CLxxv.
388 1222 430 1244 Hic
444 1229 456 1243 a
466 1221 540 1244 Carolo
554 1222 655 1244 Sabaudiae
664 1223 721 1244 Duce
728 1223 841 1252 Prinpratu
856 1224 972 1246 deturbatus
986 1230 1033 1245 exu-

282 1250 323 1273 lare
338 1250 430 1279 cogitur:
440 1258 465 1273 eo
480 1252 643 1278 autem,biennio
658 1252 711 1281 post,
715 1252 761 1274 satis
775 1253 854 1280 funsso,
869 1252 966 1276 Ludovici
981 1252 1032 1274 Sfor-

285 1280 317 1302 tiz
332 1280 443 1302 Mediolani
458 1281 520 1304 Ducis
534 1288 572 1310 ope
586 1281 609 1304 in
623 1287 729 1311 paternum
744 1282 816 1305 solium
830 1283 948 1305 restituitur

917 1311 1002 1335 Secundi
