4460 6240
176 676 180 683 ⁴
325 526 1362 648 Nouauuucarrs
1534 569 1599 671 m
1724 586 1736 597 -

242 761 308 852 Ad
336 704 525 863 eumdem
556 753 806 848 Fridericum
837 753 985 891 spedlat
1015 753 1155 848 tertius
1184 766 1303 846 aereus
1333 786 1523 847 nummus
1554 756 1620 875 (1)
1651 755 1696 846 in
1732 786 1808 871 111,

46 996 48 999 ι
184 881 293 995 cujus
322 881 455 969 antica
484 876 781 997 reprasentatur
811 904 895 985 etus
915 876 1189 1015 'Gentilitium
1219 877 1380 1015 scutum·
1403 876 1596 1014 lemmate
1627 877 1701 1017 cir·

45 1064 49 1071 ’
152 996 1715 1234 1{luliuslisllslllslslrllAlrlllsllls{lillis·

43 1284 45 1291 ¹
189 1267 287 1326 cum
319 1235 538 1321 maximam
569 1236 621 1322 ob
653 1232 834 1350 praeclara
873 1230 1051 1322 facinora
1091 1238 1196 1351 apud
1236 1233 1360 1322 Italos
1398 1234 1598 1351 Principes
1627 1234 1702 1321 sabi

193 1352 366 1471 gloriam
395 1352 674 1469 comparasset,
702 1380 745 1438 et
774 1344 799 1438 a
829 1351 902 1438 Pio
932 1360 985 1440 ΙΙ.
1017 1352 1275 1441 Ecclefiastici
1305 1353 1499 1442 exercitus
1529 1361 1705 1473 Impera·

39 1476 43 1489 '
194 1468 411 1560 tor'suilset
440 1471 673 1559 constitutus
703 1528 718 1575 ,
746 1470 1044 1585 Sigismundum
1076 1473 1331 1561 Malatellam
1361 1471 1540 1560 Arimini
1571 1480 1705 1590 Regu·
1809 1520 1816 1533 Α

39 1598 45 1625 '
194 1589 282 1678 lum
311 1649 325 1696 ‚
352 1589 424 1705 qui
455 1589 598 1677 callida
628 1615 714 1676 arte
743 1589 1011 1705 Senogalliam
1043 1620 1328 1710 occupaverat,
1357 1591 1400 1679 in
1430 1588 1567 1708 sugam
1596 1594 1706 1709 egit,

194 1734 245 1806 et
266 1714 423 1795 Fanum
456 1715 641 1796 Fortuna
671 1770 685 1815 ,
713 1706 871 1823 aliaque
910 1710 1171 1798 Ariminensrs
1209 1711 1296 1828 agri
1338 1710 1484 1828 oppida
1523 1710 1705 1799 Ecclesrae

42 1898 46 1909 .
194 1825 347 1942 subegit
378 1825 581 1945 imperio.
621 1833 822 1915 Caeterum
854 1857 935 1917 non
966 1832 1098 1918 multo
1128 1831 1211 1949 post
1243 1830 1482 1917 Ferdinandi
1511 1828 1706 1948 Neapolis

196 1948 318 2061 Regis
359 1946 489 2034 castris
535 1947 734 2035 adhaerens
763 2008 777 2053 ,
806 1977 855 2034 eo
879 1951 1004 2037 bello
1032 2011 1046 2058 ‚
1073 1982 1156 2068 quo
1195 1948 1395 2067 Neapolio
1425 1949 1590 2039 Ursinus
1619 1974 1706 2058 ,et

188 2064 426 2153 'Alexander
454 2063 600 2153 Sfortia
639 2065 939 2160 Pontificiarum
983 2069 1203 2187 Copiarum
1244 2069 1439 2157 Ductores
1478 2070 1707 2156 Robertum
1808 2066 1813 2079 '

41 2184 45 2191 ’
198 2184 453 2272 Malatellam
485 2215 535 2271 ex
575 2180 827 2301 Sigismundo
867 2216 1011 2276 natum
1050 2188 1241 2275 Arimino
1278 2188 1488 2274 deturbare
1529 2188 1709 2275 niteban-
1825 2206 1830 2215 ”

199 2327 308 2408 tur,
338 2305 600 2390 vehementer
630 2304 818 2391 inclaurit
848 2333 861 2413 ;
891 2307 989 2393 asiis
1027 2304 1138 2391 enim
1179 2304 1361 2389 maxima
1399 2335 1493 2391 cum
1523 2303 1634 2390 clade
1664 2303 1711 2390 in

198 2447 359 2537 turpem
390 2420 529 2535 sugam
560 2421 779 2508 Pontificiis
809 2481 823 2528 ,
852 2427 1079 2509 Robertum
1110 2422 1153 2508 in
1185 2419 1414 2538 Principatu
1444 2419 1710 2509 confirmavit.

196 2542 262 2627 Ad
282 2537 513 2655 obsequium
534 2538 625 2625 dein
638 2540 817 2626 Ecclefiae
836 2541 928 2628 clam
947 2541 1039 2629 esset
1059 2540 1246 2650 reversus,
1255 2540 1397 2629 Paulus
1408 2547 1461 2628 ΙΙ.
1476 2540 1518 2628 in
1534 2568 1714 2659 repeten-

197 2660 247 2747 da
275 2660 358 2778 post
370 2684 544 2745 mortem
557 2659 776 2746 Malatestae
795 2660 961 2749 Novelli
993 2659 1166 2774 Ceston,
1182 2686 1224 2749 et
1244 2659 1373 2767 Xillus
1388 2666 1461 2748 IV.
1480 2692 1533 2767 ,a
1550 2689 1632 2778 quo
1651 2657 1711 2751 su·

194 2777 229 2867 it
259 2772 408 2867 Urbini
441 2783 539 2863 Dux
570 2776 847 2894 pronuntiatus
877 2842 891 2887 ,
920 2807 962 2868 et
991 2811 1111 2868 aurea
1140 2778 1246 2867 Rosa
1276 2780 1476 2885 donatus,
1505 2777 1550 2866 in
1579 2776 1712 2896 expel-

194 2898 315 2985 leudo
344 2896 561 2984 Nicolaum
595 2895 822 3005 Vitellium,
840 2898 911 3014 qui
939 2899 1209 3015 Typhemum
1224 2894 1602 3015 occupaverat,ejus
1621 2923 1713 3032 ope·

194 3049 239 3105 ra
270 3018 325 3104 usr
355 3013 455 3102 sunt.
487 3022 575 3102 Nec
605 3013 648 3100 in
679 3015 878 3102 bellorum
908 3016 1125 3127 studiis,ab
1155 3015 1315 3104 urbanis
1345 3008 1486 3124 rebus,
1503 3042 1624 3132 atque
1663 3014 1714 3102 its

194 3168 280 3254 qua
313 3139 463 3225 bonum
495 3134 720 3253 Principem
761 3134 935 3243 decent,
963 3165 1144 3251 unquam
1173 3134 1211 3224 se
1232 3134 1563 3227 serabalienavit·
1604 3132 1714 3221 Pala·

199 3257 307 3345 tium
336 3251 485 3341 Urbini
515 3285 614 3372 opus
644 3250 734 3342 sane
764 3254 1026 3342 memorabile
1057 3285 1080 3342 a
1111 3283 1178 3343 me
1218 3252 1348 3342 visum
1387 3282 1494 3342 anno
1532 3253 1717 3341 MDCC-

200 3379 352 3462 LXIV.
381 3378 546 3481 Aroes,
574 3372 731 3489 aliaque
772 3374 955 3492 praelata
995 3373 1155 3462 aedificia
1185 3392 1227 3462 a'
1249 3370 1518 3461 fundamentis
1557 3371 1715 3460 erexit.

201 3489 439 3581 Maximam
483 3490 744 3602 Latinorum5⁴
768 3500 1005 3608 Grecmnm,
1035 3496 1377 3611 Hebraeorumque
1401 3491 1597 3580 librorum
1629 3488 1712 3606 sup·

202 3604 421 3701 elledilem
463 3642 513 3700 ex
557 3613 672 3700 omni
703 3639 815 3731 parte
845 3612 1003 3730 ingenti
1032 3611 1210 3730 impensa
1240 3611 1427 3729 collegit;
1455 3639 1555 3726 quos
1584 3608 1717 3725 postea

197 3730 431 3821 Alexander
460 3734 557 3819 VII.
586 3737 768 3820 Romam
799 3732 1008 3820 translatos
1038 3728 1080 3816 in
1101 3729 1352 3818 Bibliotheca
1369 3727 1568 3831 Vaticana
1596 3722 1718 3812 collo·

197 3851 328 3942 cavit.
358 3857 484 3942 Anno
514 3850 680 3939 demum
712 3854 1120 3941 MCCCCLXXXII.
1150 3846 1474 3964 gravi-Venetos
1502 3844 1645 3952 inter,
1675 3867 1719 3932 et

197 3970 424 4062 Herculem
454 3971 643 4057 Ferraria
673 3978 833 4058 Ducem
863 3968 1051 4088 gliscente
1082 3969 1234 4075 bello,
1263 3965 1486 4056 Fridericus
1514 3956 1719 4084 supremus

198 4115 413 4175 armorum
441 4092 541 4173 Dux
571 4089 827 4193 constitutus,
855 4089 949 4178 cirm
979 4090 1029 4177 ad
1058 4086 1272 4177 Stellatem
1302 4084 1610 4195 consederet,ne
1639 4089 1721 4172 Ve-

203 4204 289 4294 neti
321 4266 335 4314 ,
365 4200 436 4321 qui
467 4200 537 4291 sub
566 4204 687 4292 dudlu
716 4208 886 4297 Roberti
917 4207 1224 4298 Sanseverinatis
1255 4206 1351 4296 totis
1381 4203 1532 4293 viribus
1563 4202 1721 4292 Ficnro·

206 4323 239 4410 li
271 4330 417 4411 Arcem
448 4325 852 4445 oppugnabant,suas
879 4328 985 4419 ultra
1015 4329 1167 4415 Padum
1197 4326 1345 4445 Copias
1375 4325 1723 4439 traiicerent,gra·
1757 4437 1759 4440 Α

207 4441 251 4527 νί
285 4444 425 4527 morbo
454 4474 656 4565 correptus
675 4452 759 4555 lv.
790 4447 884 4535 Idus
913 4445 1158 4566 Septembris
1187 4443 1294 4531 inter
1323 4441 1513 4530 mortales
1542 4434 1616 4527 esse
1656 4440 1723 4529 dea
1880 4502 1882 4509 ι

205 4562 282 4650 stit.
324 4565 479 4678 Corpus
516 4564 718 4653 Urbinum
761 4565 941 4655 delatum
972 4627 987 4676 ,
1017 4564 1058 4651 in
1100 4562 1275 4651 Eccleua
1315 4558 1450 4650 Sansii
1489 4555 1724 4647 Bemardini

802 4692 837 4773 F
1550 4704 1665 4766 extra

262 5107 313 5188 (r)
338 5108 489 5180 Habetur
513 5108 620 5203 pedro
642 5108 872 5190 quodammodo
902 5112 1009 5191 similis
1039 5108 1242 5187 evulgatusa
1274 5102 1458 5202 Muratorip
1488 5097 1545 5167 sub
1580 5117 1665 5162 num.
1694 5102 1738 5163 ll.
1814 5157 1816 5162 .

221 5193 355 5267 ruenti
397 5201 514 5263 enuina
536 5186 639 5261 forma
660 5183 809 5263 edidisset
830 5193 1046 5260 omisrslemus.
1069 5195 1106 5259 ln
1152 5192 1379 5252 ‘Muratorrano
1401 5204 1485 5249 emm
1518 5201 1599 5263 typo
1630 5195 1737 5253 ΡΜ

223 5276 354 5349 Aqullae
377 5299 410 5342 ru
435 5281 591 5356 Principis
614 5277 778 5344 stemmate
800 5270 1080 5351 defiderautur,et
1104 5293 1162 5350 pro
1186 5274 1289 5346 paruis
1311 5263 1558 5343 montibus,qul
1580 5255 1653 5326 fiant
1674 5260 1743 5325 Eu·

232 5354 358 5437 gubinae
381 5359 483 5430 Urbis
504 5359 632 5442 iusrgnie
651 5360 799 5439 ,liorem
820 5355 968 5425 eruditus
987 5356 1094 5423 auslor
1115 5349 1290 5430 expressit.
1569 5378 1572 5383 ’
