4460 6240
361 668 592 781 NON
663 656 1389 773 EVULGATIS
1530 668 1593 769 ἂι

181 888 331 981 mitissae
362 884 575 978 Mithildis
605 911 753 1002 puter,
778 882 1045 1000 Mulaspinae,
1074 906 1123 967 et·
1144 880 1279 967 Obicii
1310 877 1375 995 (i)
1413 882 1633 972 recensendi
1662 948 1679 978 .

181 1016 306 1111 Anno
334 1009 428 1094 verd
459 1009 733 1093 MCCCXIV·
757 1001 940 1116 Uguccio
967 1002 1015 1087 de
1046 997 1366 1113 Fagiola,Urbis
1395 1001 1603 1112 tyrannide
1627 1006 1680 1089 si·

180 1126 222 1213 bi
254 1149 523 1240 comparata,
564 1150 657 1207 cuni
697 1118 817 1205 uimis
849 1115 981 1235 asperi
1017 1115 1320 1222 dominaretur,
1348 1146 1373 1203 a
1403 1120 1554 1235 Populo
1593 1125 1678 1237 post

181 1241 406 1332 triennium
437 1237 625 1354 expulsus
642 1237 724 1343 est,
748 1263 788 1322 et
819 1235 1060 1322 Custruccius
1088 1233 1138 1318 de
1168 1232 1522 1342 Interminellis,e
1552 1268 1680 1328 carce·
1780 1312 1790 1339 ,

183 1388 228 1447 re
259 1352 434 1461 edusius,
449 1355 492 1442 iii
524 1354 751 1440 Dominum
782 1352 1048 1463 renuntiatus..
1078 1348 1301 1438 Caliniccio
1332 1353 1562 1439 moderante
1600 1366 1680 1444 Lu·

185 1473 316 1564 censes
344 1502 404 1560 res
434 1467 609 1559 maxims
639 1469 1000 1586 effloruere3eoque
1032 1470 1114 1585 post
1145 1466 1423 1555 duodecimum
1453 1473 1583 1585 Regni
1609 1504 1679 1560 an·

185 1620 287 1679 num
315 1587 482 1694 funiio,
512 1586 731 1674 successores
770 1586 889 1673 silios·
910 1595 1083 1674 Bavarus
1121 1584 1290 1700 imperio
1329 1586 1471 1695 exuit,
1500 1616 1542 1674 et
1571 1593 1678 1677 Ghe·
1805 1597 1824 1705 2

189 1707 352 1795 turdino
380 1706 550 1824 Spinulae
580 1705 807 1810 Genuenfi,
836 1711 960 1791 XXX.
1007 1703 1271 1789 florenorum
1307 1733 1517 1790 aureorum
1558 1708 1696 1793 milli,

186 1826 264 1911 bus
289 1824 333 1908 in
364 1824 538 1940 pretium
569 1823 778 1936 acceptis,
807 1829 961 1910 Lucam
1000 1819 1198 1908 tradidit:
1225 1850 1310 1934 quo
1336 1846 1515 1937 tempore
1543 1884 1556 1930 ,
1584 1854 1680 1910 cum

183 1971 210 2028 a
236 1936 483 2027 florentinis
525 1940 626 2026 duro
673 1940 779 2026 bello
809 1937 1001 2039 Lucenses
1030 1941 1335 2053 premerentur,
1360 1968 1411 2023 ne
1442 1939 1510 2026 sub
1539 1971 1680 2028 eorum

184 2056 327 2196 jugum
356 2057 616 2161 inciderent,
644 2056 789 2169 Joanui
818 2057 1020 2143 Bohemiae
1049 2055 1153 2169 Regi
1163 2057 1317 2140 Urbem
1348 2057 1526 2144 obtulere
1536 2088 1681 2173 ,quam

63 2268 68 2277 ,
187 2173 268 2310 ipse
299 2188 380 2260 non
411 2174 543 2260 multo
572 2173 691 2288 post,
720 2179 885 2259 XXXV.
914 2174 1178 2291 Florenorum
1208 2172 1388 2259 millibus
1402 2174 1471 2260 sibi
1500 2205 1683 2264 numera·

191 2316 277 2394 tis,
306 2295 423 2378 Petro
451 2294 597 2378 Rubeo
625 2291 820 2376 Parmensi
860 2290 905 2375 in
944 2289 1194 2377 vicariatum
1235 2291 1447 2393 concessit,
1476 2289 1547 2376 sub
1574 2294 1687 2396 cuius
1768 2382 1772 2388 ,

192 2408 363 2525 imperio
393 2409 499 2494 haud
529 2408 597 2491 diu
626 2406 792 2491 extitit:
826 2407 976 2492 etenim
1008 2402 1170 2488 biennio
1200 2403 1282 2516 post
1312 2433 1405 2488 cum
1436 2406 1687 2512 vim,auiio·

190 2525 435 2641 ritatemque
485 2521 648 2609 Mastini
688 2522 875 2635 scaligeri
915 2519 1019 2608 Urbi
1049 2518 1239 2617 inhiantis
1269 2518 1599 2633 pertimesceret,
1637 2552 1686 2614 ut
1798 2532 1803 2629 Ϊ

194 2644 325 2757 magis
355 2641 464 2728 illius
493 2634 673 2727 animum
704 2638 774 2723 sibi
804 2637 1056 2739 devinciret,
1083 2637 1123 2720 iu
1155 2634 1237 2743 ejus
1266 2637 1499 2751 potestatem
1529 2644 1686 2730 Urbem

193 2759 375 2866 dimisit,
406 2756 611 2872 tenuitque
642 2755 691 2841 ad
731 2785 880 2841 annum
924 2759 1191 2840 MCCCXLI.
1219 2782 1353 2866 quoa
1395 2757 1687 2846 Foederatorum

193 2880 318 2964 ermis
355 2874 529 2992 pressus,
558 2872 680 2990 paiiis
711 2878 831 2958 CCL.
871 2872 1132 2957 Florenoruin
1171 2898 1382 2954 aureorum
1422 2872 1599 2959 millibus
1637 2876 1689 2961 ad

195 2995 340 3080 statura
380 3020 560 3107 tempora
600 2988 876 3106 persolvendis,
886 2988 1125 3073 Florentinis
1156 2986 1421 3071 ven-undavit.
1451 2990 1574 3104 Quod
1594 3021 1690 3078 cum
1747 3064 1751 3069 ,

193 3110 324 3199 Pisani
352 3105 450 3225 aegtd
483 3112 663 3211 serrem,
691 3106 788 3216 justo
817 3105 992 3190 exercitii
1022 3122 1281 3219 comparato,
1305 3110 1419 3189 Lucae
1439 3106 1690 3196 'oblidi-onem

202 3229 399 3346 aggressi,
439 3224 714 3330 Florentinis,
738 3220 807 3337 qui
848 3220 948 3307 serre
987 3218 1140 3306 obsessis
1176 3248 1294 3335 opem
1336 3247 1621 3329 tentaverant,
1647 3225 1691 3311 in

1473 3367 1630 3457 turpem

202 3515 1693 3550 M—m—-O-——m

248 3593 300 3672 (i)
324 3588 762 3656 PraeslantisliintObicioiuin
788 3589 915 3655 Familia
935 3607 974 3653 eit
997 3587 1175 3665 durgundia
1197 3588 1330 3659 oriunda
1350 3614 1420 3657 cuin
1443 3595 1474 3656 in
1489 3594 1615 3659 ltaliam
1637 3592 1692 3658 suli

207 3672 323 3743 Saeculi
346 3670 404 3737 Xl.
426 3673 555 3736 initium
578 3665 816 3748 descendisset,
846 3688 880 3734 et
903 3667 1048 3745 Obicio,
1080 3673 1133 3744 qui
1163 3667 1347 3735 obiciorutu
1369 3676 1472 3739 Genti
1503 3695 1616 3739 nomen
1638 3672 1693 3740 de·

207 3755 290 3834 dit,
317 3757 412 3818 Lucae
433 3749 645 3831 consedisset,
667 3750 709 3817 ibi
740 3750 819 3818 a'deo
841 3746 952 3827 opibus
973 3791 985 3823 ,
1005 3765 1040 3813 et
1063 3753 1209 3826 potentia
1232 3754 1366 3829 crevit,
1389 3771 1426 3818 ut
1448 3752 1615 3829 aliquando
1629 3758 1694 3818 Ur-

207 3837 258 3904 lsis
285 3839 453 3911 imperium
481 3837 636 3899 meruerit
663 3852 843 3912 reportare.
880 3834 1006 3893 Horum
1035 3832 1129 3904 primi
1163 3828 1351 3905 Ampluirion
1388 3854 1427 3899 ex
1463 3832 1599 3898 Nicolau
1620 3876 1632 3909 ,
1657 3849 1694 3899 et

208 3917 343 3986 Thomas
378 3936 420 3982 es
448 3912 574 3991 Aloysio
604 3917 693 3992 nati,
716 3918 769 3994 qui
799 3908 985 3987 Malaspinis
1015 3910 1112 3973 Lucae
1135 3912 1293 3983 Tyrannio
1319 3910 1403 3975 bello
1432 3910 1587 3989 superaris
1614 3934 1696 3977 annu

208 4000 383 4068 MCCLX.
405 3999 438 4060 in
462 4001 626 4071 praemiuin
647 3998 785 4060 virtutis
803 3994 941 4063 unanimi
967 3989 1078 4064 popuii
1099 3985 1249 4054 consensu
1269 3991 1419 4057 siurbis
1440 3994 1592 4059 Dominus
1611 3993 1695 4057 elec·

211 4086 242 4146 ti
265 4077 355 4144 suut.
384 4073 572 4150 Amphirion
593 4078 692 4139 armis
710 4071 905 4150 summoperd
925 4068 1076 4147 deditus,
1097 4090 1169 4136 rum
1192 4072 1224 4131 iu
1252 4070 1360 4136 Caslra
1390 4071 1567 4147 inpiorum
1596 4076 1698 4151 Regis

212 4158 246 4226 se
268 4153 454 4223 contulisset
473 4200 484 4231 ,
504 4171 540 4220 et
562 4152 627 4231 poll
649 4157 824 4219 triennium
845 4146 1043 4229 decessisset,
1066 4168 1136 4216 tota
1157 4170 1267 4214 rerum
1284 4148 1397 4219 limma
1419 4152 1552 4219 Tliomae
1571 4152 1699 4219 deniae·

215 4238 339 4315 datur,
360 4256 411 4300 cui
434 4237 648 4310 quinquennio
671 4234 733 4310 poll
756 4233 861 4298 fundo
882 4232 922 4296 oli
942 4232 1013 4307 ejus
1031 4234 1063 4293 in
1088 4235 1226 4296 Patriam
1248 4235 1363 4300 merita
1385 4253 1505 4299 aeneam
1526 4237 1699 4311 equellrem

114 4366 115 4370 ,
219 4324 367 4384 Statuam
390 4311 544 4380 Lucenses
564 4309 809 4378 consecrarunt.
833 4311 1033 4389 Reipublicae
1055 4309 1170 4378 deinde
1191 4316 1361 4390 primatum
1382 4315 1486 4383 Osicii
1512 4332 1643 4381 tenuere
1659 4315 1698 4379 ad
1717 4358 1720 4364 -

220 4416 335 4462 annum
360 4398 579 4461 Mcccxiv.
599 4412 660 4468 qun
672 4440 687 4471 „
706 4398 791 4458 Luca
810 4393 849 4457 ab
872 4397 1053 4469 uguccione
1073 4393 1113 4459 de
1136 4394 1258 4470 Fagiola
1281 4400 1376 4463 armis
1397 4413 1550 4475 occupata
1568 4397 1642 4475 ,ipsi
1662 4413 1700 4462 et

218 4495 297 4556 quor
322 4470 542 4552 ‘affinitatem
562 4477 704 4539 einicitia
726 4472 950 4552 tenuissime
969 4476 1107 4540 civitate
1125 4475 1239 4552 repulsi
1259 4480 1349 4545 lunt.
1377 4481 1438 4543 His
1458 4482 1490 4540 in
1510 4482 1613 4543 varias
1636 4484 1701 4542 ira·

218 4559 276 4624 lite
306 4554 410 4622 Urbes
437 4556 617 4634 dillrasiis‚
644 4554 790 4633 quosdam
811 4558 999 4625 iFeirniem
1028 4552 1061 4620 se
1082 4552 1115 4623 se
1135 4552 1288 4631 recepisse
1310 4579 1371 4621 nou
1401 4555 1638 4633 ambigendum:
1665 4561 1700 4620 in

214 4636 332 4706 audrie
346 4641 432 4700 enim
452 4633 590 4704 historiis
611 4638 806 4707 memoratur
828 4634 965 4707 Thomas
986 4639 1044 4707 ille
1059 4681 1071 4714 ,
1088 4639 1143 4712 riui
1163 4635 1299 4702 Alberto
1322 4636 1434 4702 Esseni
1458 4655 1534 4701 tunc
1558 4639 1701 4714 principi

216 4718 296 4786 adeo
320 4713 406 4782 suain
426 4715 571 4792 probarit
593 4715 712 4791 tidem,
733 4717 1024 4799 prudentiamque,
1044 4734 1082 4782 ut
1103 4737 1172 4783 euin
1196 4716 1248 4783 sibi
1270 4740 1288 4781 a
1308 4717 1455 4785 Consiliis
1475 4715 1573 4782 adesse
1594 4718 1704 4792 volue-

216 4806 331 4878 rit,et
353 4795 507 4876 impuberi
530 4797 664 4861 Nicoseo
685 4796 752 4862 filio
774 4804 807 4863 iu
829 4801 1024 4873 principatu,
1040 4794 1201 4863 successori
1222 4818 1318 4865 unum
1337 4796 1558 4864 ex'l'utoribus
1577 4795 1705 4878 assigna-

217 4884 327 4947 terit.
349 4881 398 4944 Ex
420 4875 537 4941 Tlionia
561 4877 747 4942 Ferrarieiisi
768 4883 906 4945 ciuitate
926 4877 1045 4947 donato
1066 4877 1230 4945 Robertus
1248 4883 1291 4944 esi
1312 4896 1403 4943 ortus
1421 4921 1432 4955 ,
1452 4897 1487 4944 et
1508 4899 1548 4944 eii
1577 4880 1704 4945 Rnber.

218 4978 254 5028 to
277 4961 469 5030 Antonius,
499 4977 538 5022 ex
570 4958 662 5033 cujus
691 4954 798 5034 stipite
828 4958 891 5035 poll
927 4960 1046 5041 longam
1076 4957 1246 5025 lllullriuui
1269 4964 1423 5025 Virorum
1445 4956 1557 5024 sericus
1580 4959 1702 5038 prodiit

215 5039 352 5110 Tliomes
372 5035 546 5116 Murcido,
568 5041 621 5115 qui
643 5041 764 5114 nuptiis
784 5059 859 5103 cuin
889 5036 1068 5108 Alexandra
1097 5036 1263 5115 comitissa
1286 5041 1397 5107 Pecori
1430 5040 1600 5108 Florentiae
1629 5059 1705 5108 nate

215 5121 474 5198 celebratis,e1
496 5138 533 5185 ea
555 5138 675 5199 praeter
699 5115 848 5186 seminas
870 5135 935 5185 ties
955 5128 1061 5191 Mares
1080 5118 1181 5187 tdhuc
1214 5119 1396 5199 superllites
1421 5116 1543 5189 sunnin
1564 5166 1574 5199 ,
1596 5122 1704 5189 reedi-
1769 5196 1775 5204 ,

218 5203 352 5269 nandium
374 5198 529 5282 scilieet,
551 5198 744 5267 Bernaidum
763 5245 773 5277 ,
794 5220 830 5267 et
853 5203 941 5266 Pium
965 5208 1102 5271 AEneaiu
1123 5199 1161 5265 ad
1183 5201 1415 5269 Sacerdotalenr
1430 5203 1558 5282 gradum
1579 5223 1705 5281 picino·

216 5301 285 5349 tum
301 5303 316 5361 a
333 5285 390 5360 qui
407 5302 478 5351 cum
499 5304 560 5348 nen
585 5304 681 5359 pauca
704 5280 933 5349 Ecclesiasticus
955 5283 1150 5361 Disciplinae
1171 5279 1361 5349 documenta
1389 5278 1563 5362 edidisset,
1592 5284 1707 5348 Primi·
1758 5348 1760 5352 .

222 5380 352 5436 cecatus
370 5361 532 5447 utpium
550 5360 615 5434 fuit
636 5368 673 5432 iu
692 5365 812 5445 Maiori
830 5362 933 5434 solita
953 5363 1094 5437 Ecclesia
1114 5361 1351 5437 cohonestatur.
