4460 6240
194 687 555 829 occupatione
591 682 858 795 distentos
888 680 1034 801 illud
1070 683 1245 791 etiam
1292 680 1565 820 sapienter
1604 715 1703 788 crc-

195 835 446 973 cogitare
474 839 595 950 ,'ut
628 829 690 933 in
724 822 910 934 nostro
944 820 1147 953 Museo
1179 825 1370 932 minsis
1402 820 1704 930 desideren-

195 1003 321 1105 tur,x
346 998 718 1108 quacumque
750 966 1068 1107 nostrorum
1081 960 1545 1105 Adolescentium
1578 998 1706 1071 eru-

190 1115 473 1223 ditionem
506 1110 833 1247 adjuvent,
879 1135 939 1217 et
985 1133 1358 1249 externorum
1403 1107 1706 1214 hominurn
1785 1184 1788 1188 »

192 1254 629 1364 admirationem
661 1250 946 1357 alliciant.
980 1250 1178 1358 Pateor
1210 1246 1451 1388 ingenue
1493 1244 1703 1354 fateor:

193 1396 425 1506 verebar
458 1468 474 1512 ‚
510 1392 954 1526 dubitabamque
989 1394 1353 1501 vehementer
1374 1393 1521 1523 (qua
1553 1387 1700 1499 Scri-

193 1560 379 1672 ptores
418 1533 748 1668 plerumque
784 1523 1340 1659 omnesdubitatione
1353 1526 1704 1649 cruciantur)

195 1673 531 1781 dubitabam
563 1675 703 1808 quin
737 1694 931 1811 grata,
967 1697 1023 1778 et
1064 1668 1312 1808 jucunda
1349 1666 1580 1777 lecturis
1615 1703 1705 1777 ac-

194 1814 501 1931 ciderent,
549 1842 743 1946 quara
794 1843 885 1917 me
920 1810 1124 1946 scripta
1176 1809 1410 1919 homine
1456 1812 1708 1918 modito-

194 1983 326 2063 rum
363 1951 560 2058 infimo
595 1950 972 2089 agnoscerent.
1009 1952 1226 2059 Vertim
1262 1954 1368 2058 hae
1404 1982 1493 2057 me
1530 1956 1709 2056 omni-

197 2093 270 2201 nd
321 2092 674 2198 dubitatione
702 2088 985 2229 defendi,
1031 2089 1193 2199 fimul
1239 2116 1415 2226 atque·
1445 2091 1708 2226 reputavi

197 2235 322 2343 leve
358 2231 470 2338 hoc
499 2261 694 2367 opus,
740 2232 1130 2369 exiguumque
1162 2255 1455 2339 tantorum
1503 2229 1709 2338 Homi-

195 2393 342 2491 num
390 2369 709 2507 patrocinio
758 2369 1197 2477 illustrandum.
1229 2370 1452 2480 Scilicet
1483 2368 1707 2507 seriptis

205 2515 345 2620 meis
378 2509 523 2617 illud
557 2513 877 2618 ornamenti
912 2542 991 2616 ex
1022 2514 1131 2618 hoc
1159 2510 1523 2647 patrocinio,
1552 2511 1708 2646 quod

205 2678 561 2787 nequaquam
597 2673 822 2787 poterat
853 2650 1200 2784 aScriptoris
1230 2651 1508 2757 tenuitate
1537 2682 1707 2788 expe-

203 2790 373 2899 dari.
406 2792 657 2927 Atque,
690 2788 730 2893 sr
761 2821 887 2897 rem
923 2790 1164 2898 velimus
1210 2814 1396 2896 totam
1435 2815 1552 2908 ,ut
1588 2789 1707 2927 ipsa

198 2931 277 3040 est
308 3008 330 3055 ,
363 2927 637 3066 pensitare
670 3005 689 3051 ,
722 2961 832 3035 non
869 2928 1083 3065 polium
1120 3006 1136 3051 ,
1173 2930 1309 3063 quin
1347 2929 1522 3051 mihi,
1546 2930 1708 3038 meis-

196 3101 305 3209 que
343 3068 547 3177 litteris
585 3072 910 3176 maximum
949 3085 1425 3190 ornamentumet
1463 3072 1709 3206 gratiam
1837 3142 1841 3151 -

197 3244 271 3320 ex
312 3213 418 3318 hae
456 3212 870 3346 nuncupatione
907 3208 1200 3344 pollicear.
1242 3210 1571 3315 Liee'tenim
1599 3243 1708 3316 non

199 3348 330 3459 satis
366 3350 706 3484 probabilia,
738 3382 861 3486 quae
891 3345 1198 3485 scripsimus
1236 3351 1433 3466 aeratis,
1468 3374 1526 3456 et
1560 3380 1711 3488 egre-

201 3493 289 3629 gie'
327 3492 727 3625 antiquitatem
776 3490 1107 3598 callentibus
1157 3491 1481 3595 hominibus
1526 3489 1710 3596 videri

200 3631 399 3766 possint
440 3708 460 3753 ,
506 3635 822 3765 probabunt
855 3654 1043 3737 tamen
1078 3666 1098 3738 s
1144 3655 1198 3736 et
1238 3629 1287 3736 se
1337 3633 1565 3735 credent
1612 3660 1711 3765 po-

197 3770 310 3905 tius
345 3769 440 3877 sua
477 3774 737 3906 opinione
771 3772 1034 3908 deceptos
1065 3846 1086 3890 ,
1118 3773 1293 3902 quaint
1329 3769 1390 3874 id
1426 3767 1709 3908 censeant,

196 3911 369 4019 Viros
403 3913 647 4045 optimos
682 3991 703 4033 ,
734 3939 789 4017 et
826 3909 1048 4018 summa
1081 3908 1140 4013 in
1174 3907 1335 4016 rebus
1382 3907 1701 4044 judicandis
1784 4040 1790 4049 ι

196 4052 499 4187 prudentia
535 4054 806 4186 praeditos
839 4128 854 4171 ,
892 4051 992 4158 suo
1024 4047 1344 4183 patrocinio
1376 4045 1594 4155 donasse
1616 4079 1706 4160 eas

195 4192 420 4299 litteras
455 4266 477 4310 ,.
509 4219 635 4324 quae
669 4225 779 4297 non
813 4192 984 4300 essent
1015 4189 1217 4299 saltem
1249 4187 1445 4323 aliqua
1491 4190 1706 4298 ratione

199 4332 532 4463 probabiles.
568 4330 680 4466 Qui
714 4333 1021 4470 perspetias
1053 4332 1176 4469 jam
1207 4327 1340 4437 satis
1364 4329 1579 4438 habetis
1614 4361 1708 4439 ca-

200 4466 334 4576 ussas
368 4498 425 4578 et
459 4476 837 4607 exploratas,
884 4506 1013 4608 quae
1045 4504 1137 4578 me
1175 4547 1193 4591 ,
1230 4495 1311 4577 ut
1340 4470 1401 4575 in
1438 4470 1547 4575 fide
1583 4545 1604 4589 ,
1647 4495 1704 4579 et

197 4609 373 4718 vestra
410 4610 668 4720 clientela
705 4612 1149 4749 conquiescerem
1187 4610 1570 4746 impulerunt,
1607 4641 1700 4715 ac-

192 4748 417 4885 cipite,
451 4784 575 4886 qua¹
598 4752 784 4860 soletis
819 4748 1550 4889 humanitate,Opusculum
1586 4748 1702 4855 Vo-

184 4889 261 4995 bis
296 4890 637 5027 jampridem
674 4894 966 5003 debitums
997 4919 1052 5003 et
1089 4895 1185 4998 nifi
1223 4893 1281 4996 in
1318 4890 1422 4996 hoc
1460 4892 1700 5025 reperie-

189 5028 315 5151 tis,
352 5034 505 5164 quod
542 5014 879 5169 dignitatem
918 5112 934 5156 ,
969 5061 1027 5145 et
1078 5032 1409 5171 sapientiam
1459 5032 1698 5137 vestram

189 5171 419 5278 omnind
457 5173 1061 5293 deceat,nibilominus
1094 5172 1380 5314 scriptoris
1414 5169 1698 5279 confilium

1420 5316 1626 5451 proba-
