4484 6268
288 686 292 693 ,
380 577 1417 718 Nouznvucuans
1492 620 1590 721 ω,

168 805 316 930 Sforria
347 804 573 894 Wrrcnnrr.
601 804 956 914 Parmensesmitm
985 802 1024 892 se
1055 804 1140 922 post
1167 802 1344 927 Philippi
1361 803 1494 921 Mario
1513 803 1671 912 Medios,

166 930 251 1021 lani
282 923 406 1016 Ducis
436 922 648 1015 interitum
680 925 724 1012 in
754 926 984 1015 libertatem
1013 921 1293 1033 vindicassent,
1322 950 1364 1013 et
1391 927 1444 1012 ab
1473 925 1670 1022 francisci

165 1046 320 1143 Sfortiae
349 1041 471 1157 armis
500 1041 620 1152 Urbi,
648 1070 690 1132 et
710 1043 788 1133 toti
817 1041 1106 1130 Mediolanenfi
1145 1040 1289 1160 ditioni
1317 1041 1512 1133 inhiantis
1540 1041 1669 1163 gravi·

169 1194 230 1259 ter
261 1189 567 1283 premerentur3
598 1160 741 1274 majori
772 1158 842 1249 libi
873 1159 1017 1266 mala,
1045 1160 1073 1244 si
1103 1157 1253 1246 diutiirs
1282 1159 1547 1268 obstitissent,
1577 1192 1670 1281 prcc-

169 1286 384 1386 videntes‚
413 1282 450 1365 ei
482 1279 550 1367 sub
580 1281 750 1370 honestis
788 1277 1084 1368 conditionibus
1114 1275 1151 1363 se
1191 1276 1404 1367 dedidere:
1434 1279 1479 1369 in
1519 1274 1692 1396 cujus,-

172 1430 215 1493 et
245 1400 325 1511 suar,
347 1396 478 1512 gentis
507 1396 582 1485 fide
610 1399 662 1486 ad
692 1427 844 1488 annum
864 1396 1003 1513 ‘usque
1051 1399 1175 1481 MDI.
1204 1396 1457 1511 perstiterunt
1495 1394 1520 1505 ,'
1543 1429 1674 1514 quo,

173 1514 379 1612 Ludovico
423 1514 563 1635 pulso,
606 1517 656 1603 ad
687 1513 940 1615 Ludovicurn'
987 1520 1231 1601 Francorum
1262 1519 1420 1628 Regem
1448 1510 1674 1610 devenere.

230 1643 279 1723 In
309 1632 440 1721 antica
472 1632 627 1721 secundi
657 1632 834 1750 argentei
866 1630 1078 1720 exhibetur
1105 1628 1270 1718 Sansius
1301 1630 1481 1719 Hilarius
1508 1632 1552 1720 in
1581 1639 1674 1728 astu

170 1750 465 1860 benedicendi,
493 1748 640 1839 circum
672 1782 794 1868 quern
824 1748 868 1837 hi
899 1747 1141 1838 charasleres
1159 1751 1416 1845 SANCTVS
1451 1755 1677 1845 ILARIVS
1707 1760 1762 1845 ΙΙ.
1932 1842 1936 1849 ,

171 1875 279 1961 EPS:
311 1868 354 1955 in
386 1896 534 1985 exergo
563 1868 664 1956 bina
693 1869 824 1958 claves
853 1865 1079 1955 decussata.
1108 1870 1158 1951 In
1189 1863 1335 1980 postica
1364 1866 1550 1954 Visioriae
1589 1905 1678 1991 pro·

173 2015 286 2081 tome
317 1986 521 2102 effingitur
562 2016 654 2075 cum
695 1986 888 2075 lemmate
931 1987 1095 2072 CIVES
1135 1986 1417 2070 SERVATIr
1449 1990 1497 2072 In
1538 1986 1678 2079 circuli

177 2103 410 2194 summitate
444 2130 634 2220 tempus,
662 2134 744 2220 quo
775 2132 966 2192 nummus
994 2100 1072 2189 suit
1102 2101 1367 2214 obsignatus,
1396 2100 1542 2222 nempd
1571 2104 1686 2197 anno'

183 2251 313 2338 1522:
342 2220 503 2309 inferius
534 2221 656 2309 Urbis
685 2251 833 2308 nornen
866 2224 1104 2321 PARMA,
1121 2223 1227 2305 Cum
1258 2216 1463 2306 Ssortianae
1494 2252 1554 2310 res
1582 2226 1679 2315 Gal·

13 2350 14 2355 ‘
177 2340 311 2428 lorum
341 2339 462 2425 armis
491 2336 720 2425 deformatae
749 2337 848 2452 Julii
878 2341 932 2422 11.
953 2332 1198 2452 temporibus
1227 2332 1270 2418 in
1301 2333 1410 2452 pejus
1440 2336 1682 2455 laberentut3¹

179 2458 286 2545 inter
316 2454 648 2542 Maximilianum
678 2485 729 2543 ex
759 2451 968 2542 Ludovico
997 2480 1162 2557 natum,
1180 2477 1221 2540 et
1251 2453 1494 2542 Pontificem
1518 2455 1679 2552 sandlio·

180 2604 232 2661 ne
273 2602 560 2681 conventum,
599 2599 687 2681 ut,
727 2574 754 2660 sr
795 2572 836 2657 in
877 2598 1085 2707 paternam
1116 2569 1328 2657 Ditionern
1370 2572 1680 2686 restitueretur,

183 2700 358 2799 Parma,
387 2721 427 2780 et
459 2692 658 2780 Placentia
690 2689 759 2777 srbi
790 2689 1115 2780 dimitterentur.
1154 2695 1217 2776 Re
1248 2718 1299 2776 ex
1339 2716 1438 2778 uoto
1476 2689 1679 2803 successa,

182 2814 315 2900 Urbes
345 2810 412 2899 sub
442 2811 622 2900 Ecclesra
653 2809 843 2927 potestate
873 2804 946 2894 else
977 2837 1142 2927 cepere·
1169 2813 1375 2896 Nummus
1404 2807 1472 2896 sub
1502 2811 1684 2902 Adriano

179 2936 255 3017 VI.
285 2929 396 3017 cusus
425 2929 466 3014 in
498 2929 732 3016 Pontificem
763 2926 911 3031 adscito
953 2931 1005 3010 V.
1034 2927 1128 3018 Idus
1149 2926 1335 3038 vJanuarii
1367 2933 1591 3019 MDXXII.

239 3048 429 3162 Ejusdem
461 3048 593 3137 Sansti
626 3045 809 3165 Episcopi
840 3042 967 3133 rursus
996 3042 1038 3132 in
1071 3044 1191 3136 tertio
1229 3073 1419 3160 argenteo
1459 3078 1482 3135 a
1510 3047 1684 3140 noscitur

181 3168 320 3286 imago
350 3199 442 3256 cunr
474 3167 558 3277 ejus
589 3167 752 3254 nomine
782 3164 824 3251 in
855 3161 1044 3252 circuitu.
1074 3171 1140 3253 Ab
1171 3159 1296 3251 altera
1327 3188 1438 3280 parte
1468 3078 1593 3282 sgura
1632 3166 1685 3254 se·

182 3290 277 3375 dens
307 3285 740 3401 conspicitur,dextera
771 3281 1035 3371 Visloriolam
1065 3283 1282 3387 sustinens,
1310 3281 1443 3369 addita
1472 3281 1689 3404 inscriptio·
1717 3285 1792 3372 111.

183 3433 234 3490 ne
265 3408 469 3488 PARMA
500 3401 757 3489 COLONIA
788 3406 1170 3491 ROMANORum.
1200 3399 1469 3516 Thuscis,qui
1509 3402 1687 3522 primbm

13 3542 18 3573 ¹
189 3527 377 3623 Parmam
408 3518 702 3627 condiderant,
732 3519 899 3635 expuisse
930 3578 945 3623 ‚
983 3551 1008 3606 a
1037 3520 1167 3608 Gallis
1196 3516 1306 3605 Boiis
1335 3516 1411 3605 fuit
1451 3547 1642 3637 occupata
1672 3577 1687 3625 ‚

14 3706 19 3727 .
190 3664 232 3725 et
263 3634 365 3723 hisce
405 3635 637 3753 profligatis,
664 3640 716 3724 ab
756 3635 952 3725 Romanis
991 3635 1163 3722 Colonia
1201 3633 1367 3720 dedusia
1407 3636 1461 3720 est
1499 3665 1606 3722 anno
1635 3638 1688 3722 ab

14 3770 18 3781 '
190 3758 304 3846 Urbe
333 3753 492 3841 condita
523 3761 762 3843 DLXXIII.
793 3761 855 3839 Μ.
885 3751 1056 3839 AEmilio
1085 3750 1314 3863 LepiduT·
1344 3747 1514 3838 AEbutio
1553 3758 1689 3860 Caro,

189 3881 238 3967 L
269 3872 463 3989 Quinsiio
494 3872 676 3989 Crispino
704 3867 952 3983 Triumviris
979 3894 1077 3980 agro
1105 3865 1237 3950 dando
1265 3863 1501 3979 designatis.

252 3995 300 4076 In
331 3990 481 4076 duobus
512 3987 830 4101 subsequentibus
858 3981 966 4071 areis
996 3981 1172 4068 nummis
1213 3978 1366 4068 eminet
1406 3981 1554 4099 pariter
1594 3983 1690 4097 ejus·

11 4122 13 4137 ¹
193 4106 288 4192 dem
319 4104 439 4189 sansli
470 4104 638 4218 effigies.
669 4108 824 4188 Eorum
854 4126 993 4186 autem
1023 4097 1181 4213 adverse
1213 4125 1343 4216 partes
1372 4097 1479 4189 inter
1508 4101 1545 4191 se
1575 4103 1692 4192 valde
1730 4105 1804 4190 Ν.

189 4222 401 4309 differunt:
434 4219 475 4304 in
507 4251 587 4307 una
618 4220 728 4306 enim
758 4216 997 4334 conspicitur
1036 4223 1146 4305 Crux
1187 4246 1279 4305 cum
1322 4217 1396 4304 hac
1436 4218 1689 4338 inscriptione

188 4344 394 4427 PARMA
432 4342 745 4427 ECCLESIAE
791 4343 1015 4425 Romane:
1043 4340 1092 4421 ln
1124 4334 1248 4422 altera
1278 4334 1402 4422 Urbis
1440 4337 1621 4445 stemma,
1650 4362 1692 4426 et
1729 4339 1782 4424 V.

191 4458 267 4569 due
307 4456 452 4544 claves
490 4455 664 4544 invicem
706 4457 893 4560 innexa,
920 4452 1071 4541 circum
1102 4482 1199 4590 quas
1237 4453 1319 4538 hac
1357 4483 1440 4539 vox
1469 4460 1697 4543 PARMA.

192 4580 291 4662 Haec
322 4604 403 4660 vox
432 4580 634 4662 PARMA
667 4603 797 4663 totam
829 4598 996 4687 occupat
1030 4571 1127 4658 sextr
1159 4570 1378 4688 posticam,
1407 4569 1450 4658 in
1489 4572 1599 4686 cujus
1627 4601 1695 4659 an·

195 4691 274 4779 tica
305 4691 458 4780 eminet
489 4698 529 4778 8.
558 4693 739 4779 Hilarius
769 4723 860 4779 curn
892 4690 976 4799 ejus
1006 4688 1169 4774 nomine
1200 4688 1242 4774 in
1274 4687 1462 4774 circuitu.
1738 4693 1812 4778 v1.

253 4808 340 4926 Qui
380 4809 528 4896 ultimo
571 4808 741 4899 succedit
780 4810 872 4898 loco
911 4836 1120 4921 argenteus
1156 4805 1244 4916 est,
1270 4832 1313 4893 nt
1354 4806 1534 4921 perbibet
1561 4805 1698 4896 Sanffl

28 4926 34 4935 ’
194 4930 370 5017 Thomae
400 4928 524 5016 Urbis
536 4928 802 5046 Comparroni
831 4926 1114 5039 imaginans.
1144 4930 1404 5040 tergourm
1434 4924 1698 5044 superquam

202 5048 458 5136 flammarum
488 5048 631 5166 globus
661 5079 752 5136 curn
784 5046 999 5168 epigraphe
1027 5041 1330 5158 PARMENset
1359 5047 1626 5135 SERVATi.
1731 5045 1739 5061 '

914 5290 956 5373 Ο
978 5311 1000 5368 2
1475 5284 1630 5368 PATA
1760 5315 1762 5319 ·
