4484 6268
630 630 696 740 78
904 591 1662 717 ueuountrs

557 818 773 912 diolanenii
798 815 946 908 dititm
971 817 1133 908 summo
1157 849 1255 910 cum
1281 816 1456 940 imperio
1482 821 1637 940 prefuit
1659 819 1716 911 ad
1741 847 1900 913 annum
1942 822 2052 920 Mc-

560 944 822 1031 ccxxxix.
843 966 932 1054 quo
964 938 1166 1027 Lodtifius
1207 939 1443 1028 vicecomes
1468 970 1568 1051 ,ex
1594 940 1716 1030 fratre
1742 939 1893 1058 Magni
1923 944 2037 1049 Mat·

562 1058 656 1148 thai
686 1058 879 1164 narusad
907 1054 1181 1174 Principaturn
1205 1056 1407 1176 aspirans,
1421 1061 1652 1175 Rhetotum
1666 1084 1901 1176 comparato
1930 1057 2042 1146 exer·

561 1176 719 1284 citu,in
745 1203 891 1291 agrum
918 1175 1263 1265 Mediolanensem
1287 1176 1510 1288 descendit3
1537 1175 1767 1295 collatisque
1795 1175 1929 1294 signis,
1957 1178 2047 1262 Mu⁴

558 1293 803 1385 dinianenses
826 1292 941 1379 acies
961 1293 1136 1408 undique
1166 1293 1281 1412 pulsae
1298 1356 1325 1403 .‚
1358 1297 1688 1414 trucidataque,
1722 1293 1882 1413 ipseque
1922 1290 2049 1410 supre-

516 1420 520 1425 ’
561 1442 652 1500 mus
675 1439 886 1500 armorum
922 1417 1023 1499 Dux
1052 1413 1255 1499 Luchinus
1290 1412 1445 1503 Azouis
1471 1422 1641 1503 Patruus
1668 1412 1944 1530 interceptus·
1990 1413 2052 1496 At

562 1530 635 1619 ubi
668 1529 862 1646 equitum·
894 1554 1038 1616 turmae
1087 1533 1140 1616 ab
1179 1528 1385 1617 Ludouico
1431 1532 1636 1621 Sabaudin
1673 1531 1859 1649 Principe
1896 1524 2052 1615 auxilio

565 1646 684 1737 mide
709 1643 905 1754 adsuere,
934 1645 1055 1754 viui,
1085 1647 1331 1766 reassumptis
1368 1647 1521 1741 viribus
1547 1711 1564 1759 ,
1592 1650 1644 1738 ad
1671 1678 1827 1737 novum
1867 1644 2050 1765 pralium

565 1790 850 1873 concurrunt,
876 1765 920 1851 in
946 1794 1055 1881 quo,
1083 1790 1130 1853 ut
1157 1765 1306 1876 fertur,
1333 1765 1463 1856 Divus
1488 1769 1722 1857 Ambrosius
1748 1795 1855 1882 equo
1884 1763 2052 1850 infidens

563 1914 660 1971 cum
688 1881 834 1971 scutica
860 1882 988 1969 hostes
1016 1881 1152 1997 fugare
1171 1885 1274 1974 visus
1302 1887 1367 1973 eib
1385 1917 1458 1975 nec
1488 1916 1615 1995 mora,
1643 1909 1893 1974 commutato
1921 1877 2048 1966 forru-

570 2030 625 2086 nu
656 2058 670 2106 ,
699 1999 833 2086 Rhoeti
864 1999 1011 2115 partim
1044 2002 1125 2087 caefi
1154 2038 1171 2109 ‚·
1197 2005 1441 2118 dissipatiquc
1471 2065 1487 2106 ‚
1516 2007 1664 2121 partim
1694 2002 1836 2117 capti,
1865 2024 1907 2087 et
1939 1992 2053 2082 iniis

569 2115 770 2205 Lodristus
798 2174 812 2222 ,
839 2114 909 2230 qui
937 2114 981 2200 in
1011 2122 1116 2203 Arce
1146 2120 1280 2206 Sanc‘ii
1309 2121 1552 2206 Columbani
1583 2122 1660 2207 unit
1688 2149 1784 2219 cum,
1799 2117 1904 2213 ,filiis
1933 2112 2055 2201 custo·

566 2234 642 2320 din
673 2234 862 2321 traditur.
890 2238 1004 2345 rizo,
1032 2239 1130 2323 urbe
1160 2239 1414 2344 restaurata,
1443 2235 1686 2352 aedificiisque
1715 2236 1858 2342 rudia,
1888 2240 2054 2357 Cremo·

568 2381 624 2440 na
653 2411 668 2458 ,
696 2378 737 2438 et
765 2356 901 2439 Como
928 2356 998 2444 suo
1025 2355 1186 2468 adjeciis
1212 2353 1427 2469 imperio,
1456 2354 1568 2443 nulla
1594 2385 1650 2442 ex
1678 2353 1900 2443 Camarina
1930 2376 1984 2439 ux
2023 2364 2027 2372 “

571 2468 768 2557 Ludovici
785 2471 985 2561 Sabaudiae
1014 2473 1206 2591 Principis
1236 2472 1317 2559 filia
1344 2471 1484 2560 telina
1513 2473 1801 2591 prole‚eodem
1830 2500 1937 2560 anno
1948 2473 2004 2555 xl

571 2589 665 2681 Kal.
696 2589 938 2704 Septembris
966 2622 989 2677 e
1021 2593 1154 2678 medio
1184 2591 1284 2678 abiit
1300 2590 1402 2680 :cui
1430 2596 1604 2704 Joannes
1636 2590 1860 2683 Mediolani
1891 2584 2056 2699 Archid-

572 2703 772 2823 piscopus,
801 2730 842 2790 et
871 2710 1074 2796 Luchinus
1104 2710 1238 2796 Patrui
1267 2711 1453 2798 omnium
1483 2712 1684 2798 Ordinum
1717 2692 1824 2843 sotii
1849 2702 2056 2793 sucefferb.

574 2834 635 2909 At
664 2828 817 2936 Joanne
847 2824 961 2915 sacris
985 2827 1159 2923 ,tantbm
1189 2829 1306 2916 rebus
1334 2827 1535 2934 studente,
1563 2827 1723 2944 imperii
1751 2822 2057 2912 autumnus·
2087 2906 2091 2911 ,

574 2939 698 3027 chino
722 2946 988 3033 demandatur
1013 2971 1030 3056 ς
1064 2946 1134 3033 cui
1159 2975 1256 3033 cum
1285 2975 1358 3064 per
1383 2945 1623 3034 decennium
1662 2941 1881 3059 prefuisset,
1911 2969 1962 3025 ex
1992 2965 2059 3021 ve·

577 3086 707 3168 neno,
736 3062 804 3148 fibi
835 3094 907 3179 per
934 3094 1101 3150 uxorem
1133 3064 1367 3182 propinato,
1382 3066 1566 3155 excefflt·
1597 3063 1780 3147 Luchino
1806 3084 1905 3169 ergo
1934 3053 2058 3166 impe·

474 3174 547 3256 VI.
578 3201 689 3259 rante
718 3240 734 3281 ‚
759 3208 894 3291 erens,
922 3208 1040 3292 quern
1072 3179 1141 3264 sub
1170 3209 1281 3264 num.
1310 3185 1383 3263 VI.
1409 3174 1959 3288 damus‚uummus,ejus,et
1978 3173 2055 3256 Ur·

577 3290 639 3376 bis
668 3296 897 3382 nominibus
925 3286 1130 3411 inscriptus
1159 3294 1353 3412 perculsus
1378 3297 1457 3382 est.

638 3416 751 3498 inter
778 3436 889 3498 raros
912 3412 1204 3500 enumerandus
1232 3410 1421 3529 septimus
1446 3405 1760 3529 argenteus‚(1)
1788 3406 1900 3520 cujus
1930 3400 2060 3522 prima

449 3526 544 3612 VII.
575 3553 663 3641 pars
692 3527 858 3615 ostendit
887 3521 1058 3642 Deipa're
1087 3554 1299 3646 protomen
1326 3590 1344 3639 ,
1372 3532 1583 3648 puerulum
1614 3527 1745 3644 Jesum
1777 3525 1821 3612 in
1850 3521 1956 3611 ulnis
1974 3598 1976 3603 .
1993 3549 2060 3635 ge·

550 3644 714 3734 dantis
742 3704 757 3753 ‚
785 3670 827 3731 et
857 3676 929 3759 pro
959 3647 1149 3735 lemmate
1179 3645 1303 3736 Urbis
1340 3677 1520 3735 nomen.
1558 3654 1607 3735 In
1639 3645 1780 3765 postire
1800 3642 1895 3731 vetb
1925 3638 2059 3727 medio

577 3786 744 3880 apparet
773 3762 1007 3852 Crux‘cum
1037 3768 1112 3852 hac
1140 3764 1355 3882 epigraphe
1386 3766 1428 3853 in
1459 3766 1627 3855 circuitu
1657 3766 1875 3851 IOHaneS:
1905 3761 2058 3847 VICE·

578 3885 796 3971 COMES·
824 3880 982 3998 Spediat
1012 3912 1202 3971 nummus
1239 3883 1290 3970 ad
1319 3891 1515 3997 joannem
1555 3879 1905 3998 Archiepiscopum
1937 3937 1951 3983 ,
2016 3870 2059 3959 ui

579 4001 663 4118 post
694 4025 867 4084 mortem
894 3997 1028 4086 iratus
1056 4000 1181 4088 torius
1212 4002 1516 4090 Mediolanenses
1543 4000 1707 4088 ditionis
1736 3995 1961 4083 dominium
1987 3904 2062 4079 ils·

587 4117 726 4233 cepit.
775 4115 909 4202 Variis
948 4117 981 4205 is
1020 4118 1135 4206 bellis
1174 4119 1394 4238 implicitus
1432 4149 1630 4208 novarum
1672 4116 1847 4206 Urbium
1876 4109 2055 4200 aditione

584 4235 741 4320 avitum
773 4233 1044 4348 Principatum
1075 4237 1282 4347 adauxit,
1320 4239 1426 4326 inter
1455 4269 1552 4353 quas
1582 4232 1763 4324 Bononia
1795 4225 1971 4325 maximi
2001 4253 2059 4313 re·

580 4350 821 4437 censendae
853 4350 1009 4465 Pepuiis
1035 4382 1219 4468 coempta
1249 4415 1264 4461 ,
1289 4386 1412 4472 quam
1444 4358 1493 4441 ad
1522 4354 1732 4442 duodecim
1763 4350 1912 4447 deinde
1937 4371 2062 4434 annos

578 4469 621 4554 in
652 4467 1047 4558 scudumaPontifice
1077 4473 1316 4589 reportavit.
1345 4472 1498 4561 Verbm
1538 4498 1631 4559 cum
1669 4470 1722 4557 ad
1742 4467 1824 4584 ejus
1852 4465 2065 4671 respng'en·

1937 4612 2004 4669 tm

583 4742 2061 4780 mmo—w

627 4820 680 4895 (a)
743 4845 782 4886 un
803 4821 843 4886 td
866 4826 983 4887 nummi
1005 4826 1176 4891 raritatem
1197 4823 1346 4907 adtinet,
1368 4832 1513 4894 norimus
1535 4828 1750 4891 Muratorium
1774 4870 1783 4899 ,
1806 4844 1840 4888 et
1873 4819 2059 4899 Argeiatunt

584 4902 702 4977 nntium
742 4910 850 4970 oannis
871 4903 1108 4985 Arcbiepiscopi
1133 4907 1308 4973 Mediolani
1329 4909 1436 4977 cusum
1461 4930 1619 4975 nummum
1640 4905 1812 4985 evulgasse.
1832 4907 1985 4996 Qtinimb
2009 4902 2063 4961 in·

584 4999 635 5044 rer
659 4984 905 5063 ror‚rant0sque
926 4987 963 5051 eb
988 4987 1056 5064 ipsis
1075 4989 1220 5068 proditos
1243 5037 1254 5070 ,
1276 5015 1315 5058 ne
1337 5016 1416 5060 unus
1444 4993 1569 5070 qudem
1597 4988 1763 5068 inspicitur
1786 4994 1893 5054 uerte
1915 4985 2060 5063 Virgine

577 5084 740 5154 'protome
763 5074 943 5151 inngnitus:
969 5093 1038 5152 quae
1060 5075 1187 5152 qttidem
1210 5080 1311 5154 itnesso
1332 5083 1479 5146 eximiam
1503 5075 1648 5153 Archiep
1662 5074 1747 5154 scopi
1773 5084 1804 5144 in
1829 5090 1893 5150 Dei
1925 5090 2068 5152 Matrem

594 5159 832 5223 venerationem
855 5160 982 5226 suadere
1005 5159 1126 5240 porest3
1149 5164 1183 5223 in
1203 5181 1293 5236 curus
1316 5161 1487 5236 bonorem,
1511 5165 1559 5224 uti
1581 5181 1621 5225 et
1643 5163 1855 5235 Ripamnnrin
1879 5192 1986 5237 rerum
1997 5174 2070 5234 Me-

594 5239 821 5305 diolanenirutn
846 5246 1011 5319 scriptore
1034 5240 1275 5322 delibavimus,
1300 5243 1414 5310 AEdern
1437 5243 1474 5307 ad
1498 5246 1718 5322 Garigneuum
1739 5254 1919 5334 extruxit,
1940 5251 2069 5335 affigun-

597 5340 691 5398 ttuuc
715 5327 747 5389 in
770 5343 838 5402 etus
857 5325 983 5392 cultum
1005 5323 1124 5403 ptaedie
1145 5325 1346 5405 redigaiibue
1365 5328 1512 5394 exemit.
