4484 6268
592 608 691 684 ror
866 580 1034 695 'DE
1101 578 1351 696 MON
1385 578 1647 696 E'TIS

380 813 491 905 XVI.
520 800 597 889 mis
615 798 723 893 Viris
732 808 1088 923 Pamtuvergara,
1098 800 1400 929 Muratotioque
1429 798 1752 924 produsiispland
1769 800 2018 923 dignoscitur

598 923 664 1007 En
692 920 735 1007 in
763 920 921 1013 decimo
948 950 1091 1038 quarto
1118 949 1309 1038 argenteo
1337 923 1453 1040 ipsius
1483 921 1676 1039 Alphonst
1703 948 1823 1039 eaput
1842 954 2018 1016 Jcorona

519 1036 751 1125 redimitum
780 1066 873 1124 curn
903 1042 1116 1156 epigraphe
1145 1045 1434 1127 ALFONSVS
1465 1041 1544 1125 Dei
1570 1041 1776 1126 GRATiae
1804 1045 1942 1129 REX.
1971 1049 2015 1134 A

519 1182 633 1269 tergo
661 1153 784 1269 Regis
812 1154 992 1271 infigniu
1020 1182 1063 1244 et
1092 1157 1213 1245 verbo
1243 1162 1455 1245 CICILlE
1485 1161 1665 1244 CITRA
1696 1161 1777 1244 ET
1790 1162 2019 1248 VLTRA·

518 1271 744 1389 Alphonsus
771 1272 856 1388 posl
884 1275 1071 1389 adeptum
1114 1273 1428 1390 Principatum,
1466 1271 1567 1360 inito
1596 1303 1687 1360 cum
1721 1274 1905 1391 Eugenio
1944 1282 2020 1364 IV.

522 1392 706 1481 societate
737 1448 752 1496 ,
794 1388 1045 1478 Franciscum
1077 1389 1265 1478 Sfottiam
1295 1391 1337 1476 in
1368 1389 1492 1476 armis
1520 1390 1719 1477 celebrem
1749 1419 1773 1478 e
1815 1396 2016 1481 totaMar·

449 1539 451 1542 ’
521 1511 612 1599 chia
642 1507 870 1594 exturbavit
900 1535 985 1615 „et
1016 1509 1248 1596 variacum
1289 1504 1531 1595 Florentinis
1560 1551 1576 1615 ‚=
1603 1506 1813 1617 Venetis,
1851 1538 1899 1597 ac
1937 1514 2018 1597 Ge·

519 1626 726 1715 nuenstbus
754 1625 858 1712 bella
887 1626 1017 1741 gessit.
1064 1626 1252 1713 Tandem
1280 1653 1373 1712 curn
1403 1621 1591 1730 Siculis,
1626 1649 1668 1711 et
1707 1627 2022 1740 Aragonenfibus

520 1748 635 1832 rebus
664 1772 787 1829 annos
817 1750 944 1830 XLII.
973 1771 1015 1830 et
1043 1741 1320 1859 Neapolitanis
1349 1746 1481 1827 XVII.
1511 1739 1714 1859 praebuisset
1742 1802 1757 1852 ,
1785 1743 1913 1860 gloria
1942 1743 2024 1862 ple·

403 1876 493 1960 XV.
521 1894 594 1952 nus
622 1859 775 1947 interiit
804 1859 978 1961 V.‚Kal.
1007 1862 1104 1974 Julii
1136 1863 1486 1947 MCCCCLVIII.

506 2042 511 2051 -
581 1986 629 2066 In
663 1976 782 2094 priori
813 1976 958 2063 decimi
996 1979 1126 2091 quinti
1168 1977 1345 2090 argentei
1386 1975 1451 2088 (1)
1482 2001 1593 2091 parte
1623 1975 1768 2062 effiiia·
1790 1975 1867 2064 suit
1897 1973 2022 2092 Regis

522 2094 759 2187 Ferdinandi
790 2093 936 2209 effigies
966 2096 1157 2181 radiatitm
1175 2121 1365 2179 coronam
1395 2092 1579 2204 gestantis
1608 2091 1782 2180 cumbis
1812 2093 1918 2180 notis
1929 2099 2022 2182 CO·

520 2216 793 2305 RONATVS
824 2213 948 2328 QuiA
980 2215 1269 2298 LEGITIME
1300 2209 1538 2297 CERTaoi.
1558 2209 1704 2296 Postica
1737 2208 1887 2325 prefert
1918 2216 2022 2300 Cru-

520 2330 2026 2563 smstousffslsttlzststst‚ussus

525 2569 566 2655 so
584 2562 850 2653 Ferdinandus
881 2563 983 2650 lilius
1012 2564 1202 2651 naturalis
1229 2562 1397 2651 successit
1426 2622 1441 2668 ‚
1470 2565 1656 2678 regioque
1696 2564 1919 2651 diademate
1950 2593 2019 2681 po·

525 2687 625 2771 steto
667 2710 773 2767 anno
804 2679 984 2766 Butlettae
1014 2681 1220 2797 insugnitus
1266 2680 1340 2766 est.
1381 2680 1503 2794 Quod
1535 2711 1627 2767 cum
1660 2681 1842 2767 nonnulli
1881 2682 2017 2796 Regni

524 2809 704 2890 Procetes
733 2792 832 2912 agtd
862 2800 1179 2913 paterentur‚de¹
1200 2796 1434 2913 expellendo
1466 2798 1714 2882 Ferdinando
1745 2797 1902 2884 consilia
1925 2797 2021 2886 inid·

526 2949 611 3024 re,
657 2945 698 3003 et
727 2921 925 3026 Joannem
953 2915 1278 3031 Andegavensem
1311 2914 1457 3000 Renati
1488 2913 1610 3027 Regis
1648 2913 1775 2998 filium
1815 2915 1857 2998 in
1898 2945 2018 3029 opem

525 3059 770 3122 evocarunt.
809 3036 871 3116 Ea
901 3059 942 3118 re
973 3034 1251 3120 excandescens
1280 3030 1504 3144 Aragonius
1535 3028 1717 3113 Rebelles
1756 3030 1806 3114 ad
1845 3034 2015 3114 Sannum

524 3156 674 3237 flumen
704 3146 954 3237 consedentes
982 3178 1074 3234 cum
1104 3147 1226 3262 copiis
1253 3146 1446 3249 adortus,
1475 3143 1730 3258 consertisque
1761 3144 1889 3229 Nonis
1917 3145 2014 3256 Julii

527 3270 813 3352 MCCCCLX.
843 3263 1024 3348 manibus
1046 3312 1067 3369 ι,
1094 3293 1189 3350 cum
1218 3260 1446 3375 aliquandib
1475 3259 1628 3346 summa
1658 3260 1912 3347 contentione
1937 3258 2026 3348 fuis·

451 3376 454 3381 ’
526 3379 583 3469 set
611 3378 845 3467 dimicatum
875 3436 890 3484 ,
918 3378 1037 3492 Regii
1067 3380 1229 3466 tandem
1258 3376 1411 3492 ingenti
1443 3375 1529 3463 sunt
1559 3377 1681 3490 strage
1712 3378 1866 3484 cast,et
1895 3376 1939 3462 iu
1967 3375 2025 3464 su·

529 3525 622 3614 gam
652 3495 751 3582 atti.
779 3501 871 3582 I-lac
899 3491 1010 3579 fatali
1040 3524 1172 3611 pugna
1200 3493 1409 3582 deterritus
1439 3493 1706 3580 Ferdinandus
1736 3554 1750 3599 ,
1788 3522 1880 3580 cum
1921 3502 2025 3581 Nea·

531 3614 657 3731 polim
687 3610 724 3699 se
754 3609 974 3726 recepisset,
991 3637 1032 3698 et
1062 3611 1145 3698 suas
1175 3611 1337 3726 Regino
1366 3610 1544 3727 conjugis
1583 3640 1668 3697 arte
1697 3610 1800 3697 acies
1830 3611 2026 3698 restauras·

530 3731 587 3818 set
615 3790 630 3839 ,
659 3728 804 3816 iterium
836 3729 879 3813 in
909 3729 1035 3815 hostes
1067 3729 1196 3815 movit
1225 3756 1239 3839 ;
1269 3728 1496 3844 levibusque
1527 3728 1617 3814 inde
1647 3728 1781 3843 preliis
1810 3788 1825 3838 ,
1853 3755 2022 3816 nutante
2107 3820 2111 3827 ,

384 3926 389 3943 ,
530 3876 636 3937 nunc
666 3848 767 3952 huc,
796 3875 900 3932 nunc
929 3843 1237 3955 illuc-fortuna,
1264 3846 1316 3933 ad
1345 3847 1550 3932 biennium
1580 3872 1796 3933 certatum:
1817 3874 1920 3931 ‘cum
1934 3851 2026 3932 Rex

531 3964 646 4051 tedio
675 3962 769 4050 belli
799 3959 1035 4082 defatigatus
1079 3984 1227 4050 novam
1259 3979 1481 4050 tentaturus
1509 3960 1709 4049 fortunam
1740 3961 1835 4049 totis
1878 3961 2027 4050 viribus

532 4081 657 4165 hostes
686 4079 932 4195 aggreditur.
959 4080 1026 4183 Ad
1055 4079 1226 4192 Trojam
1255 4081 1349 4196 etgd
1379 4078 1534 4196 Apuliae
1551 4080 1703 4166 Urbem
1735 4078 1909 4166 VLKal
1937 4078 2029 4196 Sep'-

534 4196 696 4282 tembtis
727 4201 1053 4284 MCCCCLXII.
1072 4225 1141 4312 per
1157 4196 1222 4285 sex
1252 4199 1367 4285 horas
1386 4196 1429 4285 fit
1449 4222 1565 4285 atrox
1595 4194 1779 4310 utrinque
1797 4221 1996 4284 certamen
2013 4256 2029 4306 ,

535 4341 668 4515 sid
689 4311 874 4544 llll}
889 4312 1420 4545 sigilii-sqlsalililll
1439 4312 1917 4546 inlisisinlisis
1945 4343 2025 4517 ΞΤ

536 4549 608 4631 bus
637 4544 1045 4661 compostis,summ'a
1061 4489 1213 4632 ’deinde
1225 4576 1303 4663 pax
1321 4576 1392 4663 per
1409 4491 1550 4664 'plures
1577 4577 1702 4634 annos
1732 4546 1772 4632 in
1787 4540 1927 4661 Regno
1937 4544 2023 4632 suit.

363 4670 369 4681 ’
537 4671 594 4748 At
626 4690 715 4748 cum
750 4665 1015 4750 Ferdinandus
1043 4662 1576 4780 Neapolitanumpopulum
1607 4664 1722 4752 novis
1768 4666 2023 4781 vestigalibus

539 4808 700 4868 vexaret
728 4840 743 4889 ‚
771 4781 1040 4897 gravissimum
1071 4781 1217 4867 iterium
1249 4780 1401 4867 bellum
1431 4839 1446 4888 ,
1474 4784 1580 4894 quod
1610 4812 1681 4900 per
1721 4785 2024 4902 quadriennium
2131 4797 2151 4806 ”

600 4926 604 4935 ’
1402 5016 1405 5019 ¹
1831 4906 1966 5020 perdu-

587 5122 640 5203 (ι)
663 5132 758 5192 Hunc
780 5150 936 5196 nummum
957 5129 1019 5208 iam
1041 5130 1213 5208 publicavit
1236 5135 1432 5198 Muratoriut
1453 5129 1508 5198 sub
1531 5150 1614 5199 nunt.
1637 5139 1710 5201 Vis:
1732 5133 1783 5201 sed
1802 5133 2031 5213 quoniamnol'.

548 5221 600 5273 ter
621 5207 658 5272 ab
682 5206 739 5271 illo
760 5212 792 5272 in
815 5211 997 5287 quibusdam
1019 5208 1157 5289 differt,
1179 5210 1305 5290 hujusce
1326 5233 1450 5293 quoque
1471 5212 1718 5283 delineationem
1740 5219 1775 5284 in
1809 5215 2030 5285 Studiosorum

546 5306 688 5367 truttam
702 5287 782 5356 btud
805 5293 1114 5369 praemittendam
1136 5291 1302 5367 dusinus·
