4460 6240
624 604 694 717 68
799 734 802 739 ,
908 602 1045 721 DE
1114 600 1671 722 MONETIS‘

551 829 885 932 nentis,s1nistra
915 829 1117 951 gentilitio
1147 830 1256 919 scuto
1284 831 1413 920 innixi
1441 893 1456 941 ,
1484 866 1577 923 cum
1615 836 1698 949 ejus
1727 834 1889 924 nornine
1920 835 1963 922 in
1994 867 2055 926 or·

509 1041 512 1046 ,
552 951 603 1036 be
633 978 819 1038 exarato.
849 959 915 1039 Ex
944 949 1069 1039 altera
1099 951 1264 1038 Saubius
1294 951 1491 1067 Georgius
1520 983 1624 1070 equo
1655 955 2055 1059 infidens,Lanceam

457 1117 459 1121 >
554 1063 599 1152 iu
629 1070 822 1156 Draconis
852 1069 990 1185 gulam
1020 1068 1259 1175 immittens,
1275 1067 1342 1155 sub
1372 1071 1586 1188 epigraphe
1606 1077 1794 1160 SANCT
1797 1078 1860 1158 VS
1881 1077 2057 1161 GEOR·

415 1179 529 1283 xlv.
557 1190 708 1275 GIVS.
738 1189 894 1276 Praefert
923 1215 1131 1305 argenteus
1161 1187 1203 1273 in
1233 1187 1364 1275 antica
1394 1188 1569 1295 Solem,
1597 1215 1639 1278 et
1670 1218 1816 1277 nomen
1847 1189 2057 1308 Principis·

525 1302 595 1423 in
628 1305 770 1423 postica
801 1314 1001 1412 Crucem,
1029 1334 1071 1392 et
1102 1304 1252 1391 lemma
1285 1314 1347 1393 IN
1377 1313 1501 1394 HOC
1531 1313 1705 1397 SIGNO
1734 1314 2057 1396 V1NCE8.Fu·

552 1420 588 1512 it
617 1423 843 1513 Ludovicus
872 1424 1072 1514 sudoribus
1103 1422 1252 1510 bellicis
1281 1421 1434 1512 summe
1463 1425 1637 1538 inclytus
1655 1421 1893 1539 ,crebrisque
1935 1426 2057 1513 vibio·

552 1538 624 1629 riis
665 1539 994 1659 speliatilsrmus,
1033 1573 1114 1657 quo
1143 1538 1292 1628 fabium
1324 1543 1410 1649 est,
1439 1568 1484 1629 ut
1516 1575 1635 1660 penes
1665 1543 1984 1648 Vicecomitem,
2013 1572 2056 1632 et

552 1657 742 1749 sfortiam
773 1662 1132 1748 Mediolanenstum
1162 1667 1324 1766 Duces,
1353 1661 1637 1776 Venetosque,
1666 1661 1776 1775 cujus
1806 1691 1925 1775 opera
1954 1660 2058 1778 sapi·

553 1807 601 1865 us
629 1778 684 1863 ult
715 1776 909 1887 fuerant,
939 1778 1163 1867 maximum
1196 1775 1267 1863 stbi
1294 1806 1441 1863 nomen
1473 1778 1631 1868 secerit.
1660 1776 1852 1868 Carolum
1891 1778 2058 1867 fratrem

557 1895 729 2012 inquieti
757 1897 907 2014 ingenii
937 1896 1180 2002 hominem,
1208 1894 1376 1981 Venetis
1415 1894 1616 1984 suffultum
1659 1896 1841 2002 viribus,
1870 1893 2055 1985 infestum

553 2012 718 2102 habuit:
739 2015 924 2103 consertis
952 2014 1062 2103 enim
1092 2043 1199 2101 anno
1230 2018 1540 2104 MCCCCLIII.
1573 2018 1726 2102 XVIII.
1756 2013 1850 2100 Kal·
1890 2012 2055 2128 Quinti·

554 2130 605 2219 lis
633 2132 683 2216 ad
712 2133 883 2222 Goitum
914 2133 1126 2240 manibus,
1155 2160 1248 2219 cum
1278 2131 1346 2215 dib
1375 2131 1485 2217 varia
1517 2132 1682 2218 visioria
1711 2129 1862 2237 fuisset,
1892 2134 1943 2215 ad
2000 2131 2056 2220 os·

515 2244 519 2247 ¹
558 2272 735 2338 tremum
765 2282 839 2369 pro
870 2251 1075 2339 Ludovico
1103 2248 1232 2337 lietit.
1269 2247 1436 2336 Carolus
1463 2247 1619 2363 fugatas
1648 2250 1780 2365 copias
1811 2164 2058 2365 perditasque

557 2396 621 2455 res
650 2368 993 2487 circumspiciens,
1022 2368 1113 2457 vita
1144 2368 1216 2455 sua
1256 2391 1436 2454 metuens
1493 2368 1714 2453 Ferrariam
1749 2366 1787 2453 se
1818 2364 1855 2449 se
1888 2367 2058 2483 recepit3

551 2483 693 2600 ibique
723 2485 831 2574 febre
860 2517 1091 2605 correptus,
1120 2487 1162 2574 in
1192 2484 1306 2572 exitu
1336 2484 1431 2570 anni
1462 2483 1568 2570 inter
1598 2483 1787 2570 mortales
1817 2480 1890 2568 else
1921 2484 2058 2571 deltit.

560 2606 717 2719 Corpus
746 2612 963 2691 Mantuam
996 2608 1248 2717 deportatum
1289 2602 1506 2689 anteferes
1543 2601 1710 2717 Templi
1752 2607 1882 2688 Beatae
1923 2602 2062 2689 Maria

557 2718 770 2836 Virginis,
797 2728 850 2809 ab
879 2721 1023 2810 accolis
1052 2723 1285 2811 Gratiarum
1315 2747 1583 2836 nuncupata,
1612 2718 1724 2805 srcuti
1756 2718 1834 2833 ipse
1864 2719 2064 2829 edixerat,

548 2839 819 2926 tumulatum.
848 2846 914 2929 Ex
935 2843 1106 2931 Barbara
1137 2838 1466 2954 Mandeburgensr
1494 2836 1669 2954 quinque
1698 2835 1877 2953 susceptis
1893 2836 1983 2925 liliis
2002 2866 2063 2925 ex.

561 2956 666 3044 cellit
697 2960 921 3050 Ludovicus
949 2991 1059 3049 anno
1089 2961 1566 3050 MCCCCLXXXVIlI.
1621 3008 1624 3014 -

620 3075 828 3165 Ludovico
858 3082 910 3167 ab
939 3079 1168 3169 horninibus
1196 3101 1400 3193 exempto,
1430 3070 1649 3162 Fridericus
1681 3071 1806 3181 major
1832 3096 1926 3157 natu
1965 3069 2057 3158 iniit

549 3189 866 3311 ·Principatum;
895 3224 936 3284 et
967 3199 1060 3308 hujc
1090 3194 1275 3283 sexennio
1305 3192 1389 3309 poll
1416 3190 1554 3278 sunsio
1591 3191 1811 3278 Franciscus
1840 3188 1940 3274 lilius
1979 3186 2059 3275 suc·

549 3309 687 3395 celht.
717 3317 855 3427 Quem
887 3314 1069 3432 primus,
1096 3315 1202 3401 inter
1232 3308 1388 3421 hujusce
1428 3308 1618 3426 Principis
1657 3310 1795 3396 damus
1833 3335 2062 3415 nummos,

546 3453 612 3513 ex
650 3455 817 3544 argento
855 3434 909 3520 est
948 3437 1102 3540 flatus,
1140 3429 1397 3548 perhibetque
1438 3425 1479 3512 in
1521 3426 1586 3514 sua
1625 3428 1758 3515 antica
1799 3452 1906 3542 parte
1948 3423 2066 3541 ipsrus

440 3536 707 3632 xib-faciem
739 3549 859 3638 barba
887 3553 1299 3653 obumbratam,cum
1330 3545 1405 3631 hae
1435 3541 1686 3662 inscriptione
1717 3545 2066 3631 FRANCISCVS

564 3663 777 3751 MARcbio
809 3675 1043 3756 MANtuae.
1073 3673 1114 3756 A
1144 3696 1256 3784 tergo
1287 3666 1478 3752 habemus
1508 3667 1667 3751 Sacram
1698 3658 1954 3763 Pixidem,in
1986 3687 2065 3775 que

561 3801 641 3877 tres
669 3810 792 3898 gutte
821 3786 1031 3904 Sanguinis
1071 3787 1311 3891 servantur,
1338 3811 1460 3899 qua,
1489 3807 1534 3869 ut
1564 3779 1725 3885 fertur,
1755 3810 1776 3866 e
1817 3779 1940 3864 latere
1982 3785 2065 3863 Do·

412 3964 415 3969 .
562 3897 666 3986 mini
697 3903 830 3991 Nostri
878 3905 968 4018 Jesu
1010 3907 1154 3996 Christi
1202 3938 1227 3996 a
1270 3901 1451 4016 Longino
1498 3898 1745 3987 consauciato
1781 3895 2063 4004 effluxerunt,

562 4039 605 4102 et
635 4015 786 4107 lemma
814 4027 1119 4115 SANGVINIS
1151 4034 1239 4115 XPI
1269 4024 1474 4111 IHESV.

625 4138 671 4218 ln
706 4135 826 4251 priori
855 4141 998 4228 decimi
1031 4142 1128 4231 sexti
1158 4139 1334 4260 argentei
1369 4167 1477 4251 parte
1506 4136 1634 4224 eslibia
1664 4132 1741 4221 luit
1763 4130 1935 4248 ejusdem
1956 4126 2065 4218 Prin·

424 4247 537 4331 XVI.
563 4245 661 4365 cipis
689 4254 838 4368 effigies
847 4287 869 4363 ;
899 4256 938 4342 in
970 4256 1080 4363 cuius
1117 4261 1275 4348 adversa
1315 4252 1502 4347 lusorium
1550 4254 1795 4373 perhibetur
1817 4249 2017 4337 vasculum
2048 4309 2065 4356 ,

565 4396 659 4452 cum
689 4368 903 4486 Virgarum
935 4373 1117 4463 fasciculo
1147 4407 1196 4464 ex
1226 4408 1276 4464 eo
1316 4375 1569 4489 prodeunte,·
1598 4402 1644 4459 ea
1684 4396 1819 4455 autem
1860 4366 2064 4485 inscriptio

569 4486 662 4573 talis
691 4486 759 4598 est,
788 4492 950 4578 Domine
979 4500 1252 4585 PROBASTI
1268 4502 1355 4583 ME
1388 4500 1468 4580 ET
1496 4490 1806 4603 COGNOVJsti
1836 4491 1945 4572 ME.

421 4674 427 4687 ,
628 4609 816 4722 Quatuor
845 4635 1038 4717 tantum,
1065 4644 1116 4700 ne
1157 4615 1226 4700 sun
1261 4614 1475 4730 prolixus,
1503 4612 1569 4696 hic
1608 4609 1789 4693 dabimus
1832 4632 2065 4710 nummos,
2200 4700 2206 4711 ,

412 4719 546 4803 XVII.
573 4748 744 4833 quorum
776 4725 944 4842 plures,
974 4731 1080 4845 typis
1110 4732 1252 4820 leviter
1282 4731 1478 4825 mutatis,
1507 4729 1548 4812 in
1581 4726 1711 4812 nostro
1743 4722 1883 4811 Museo
1914 4721 2064 4809 servan·

572 4863 746 4926 vantur.
773 4845 956 4933 ostendit
986 4848 1137 4965 primus
1177 4849 1367 4963 pileatum
1408 4842 1599 4933 Francisci
1641 4868 1792 4959 caput,
1819 4866 1862 4925 et
1902 4845 2063 4927 Sacram

394 4954 548 5039 XVIII.
577 4952 791 5064 Pixidem,
819 4992 942 5078 quam
970 4990 1011 5053 et
1041 4967 1083 5054 in
1115 4966 1355 5083 subsequenti
1399 4963 1649 5051 observamus
1690 4968 1843 5048 Canem
1882 4958 1924 5043 in
1955 4981 2066 5042 ante·
2216 4992 2217 5059 i

570 5067 665 5156 riori
698 5102 807 5188 parte
837 5080 1085 5195 preferente.
1125 5092 1172 5171 ln
1215 5085 1371 5187 tertio,
1398 5092 1438 5170 et
1468 5109 1613 5198 quarto
1642 5079 1851 5165 exhibetur
1889 5072 2065 5182 ejusdem

435 5191 543 5278 XIX.
572 5191 819 5285 Marehiouis
842 5196 1014 5321 imago,
1041 5203 1086 5292 in
1115 5232 1287 5324 quorum
1317 5232 1398 5298 uuo
1425 5196 1616 5293 lusorium
1646 5225 1715 5284 vas
1741 5253 1755 5302 ,
1784 5219 1824 5282 et
1863 5189 2068 5323 inscriptio

1946 5336 2007 5395 utt
