4484 6268
314 621 548 741 NON
617 599 1347 733 EVULGATlss
1496 660 1595 767 ¹¹3

169 858 331 952 sautem
356 846 497 965 Jcsum
525 841 570 933 in
599 841 705 934 ulnis
733 842 985 955 suliineutis,
1014 842 1144 936 verbis
1182 841 1226 934 in
1257 844 1353 934 orbe
1392 838 1527 965 positis
1554 852 1679 939 oRn

158 986 240 1070 Pro
271 969 392 1063 Nobis
422 965 736 1056 PECAtoribus.

204 1088 481 1186 -Undecimus
510 1109 723 1199 argenteus
754 1083 936 1204 perhibet
962 1081 1006 1173 in
1036 1112 1128 1174 area
1167 1083 1281 1200 siglas
1310 1091 1384 1176 10.
1418 1093 1457 1177 S.
1487 1115 1636 1176 nomen
1667 1147 1683 1198 ,

167 1242 215 1307 et
247 1235 473 1328 cognomen
503 1202 696 1319 Principis
735 1202 955 1292 indicantes
995 1235 1089 1292 cum
1128 1202 1381 1321 inscriptione
1427 1205 1470 1294 in
1511 1206 1683 1296 circuitu
1712 1227 1783 1312 XI,

162 1332 423 1423 lOANNES
454 1326 704 1412 SFORTIA
734 1327 959 1414 PISAVRI
989 1325 1197 1411 Dominus.
1227 1321 1326 1437 Ejus
1364 1322 1553 1443 posterior
1592 1356 1683 1443 parc

162 1451 232 1542 uti
263 1450 305 1536 in
338 1474 509 1534 nummo
537 1446 659 1528 Vlli-

233 1566 321 1686 Qui
351 1561 590 1654 duodecimo
619 1555 789 1647 succedit
820 1557 911 1647 loco
940 1559 1108 1653 ostendit
1150 1566 1359 1671 Crucem,
1388 1588 1430 1652 et
1459 1562 1503 1651 in
1543 1562 1683 1653 circuli

167 1686 404 1779 summitate
434 1680 558 1773 Urbis
588 1680 755 1765 stemma
786 1677 1104 1795 subsequentibus
1135 1683 1298 1770 vocibus
1328 1687 1504 1771 IOannrs
1523 1684 1684 1771 SFortia
1716 1705 1812 1793 χΙΙ,

168 1810 396 1895 PISAVRI
428 1802 640 1888 Dominus.
667 1802 735 1884 Ab
765 1796 891 1884 altera
923 1827 1032 1913 parte
1074 1800 1261 1892 Sardium
1304 1802 1546 1889 Terentium
1585 1801 1684 1890 stan·

170 1950 261 2014 tem
293 1919 461 2009 militari
493 1919 597 2005 velle
628 1915 991 2024 indutum‚dexrra
1025 1916 1147 2004 Urbis
1178 1944 1346 2037 typum,
1375 1918 1682 2034 finistramarty·

168 2042 223 2131 rii
264 2041 444 2160 palmam
473 2036 761 2145 sustinentem,
793 2035 922 2122 verbis
964 2035 1184 2152 ingyrum
1223 2037 1357 2155 positis
1396 2043 1435 2129 S·
1463 2045 1682 2129 TEREN-

237 2281 455 2370 Decimum
488 2279 653 2371 tertium
684 2305 918 2397 argenteum
950 2272 1365 2399 Principisslemmate
1385 2306 1570 2371 ornatum
1600 2282 1685 2370 hac

175 2399 309 2489 ambit
338 2400 558 2517 inscriptio.
591 2408 664 2489 10.
695 2407 732 2488 S.
764 2407 815 2484 Ι).
846 2404 976 2486 ARA.
997 2406 1084 2490 CO·
1106 2404 1258 2489 COTI.
1289 2408 1460 2490 PISAV.
1490 2409 1542 2489 D.
1562 2406 1685 2513 Joan·
1715 2423 1832 2512 xm,

174 2549 245 2603 nes
284 2516 432 2633 Sfortr'a
462 2517 508 2601 de
547 2519 745 2635 Aragonia
784 2521 918 2604 Comes
946 2519 1157 2635 Cotr‘gnolae
1187 2516 1253 2634 (1)
1282 2517 1441 2633 Pisauri
1478 2521 1685 2634 Dominus.

176 2641 235 2723 In·
261 2637 345 2751 ejus
377 2637 519 2755 postica
549 2639 761 2726 exhibetur
789 2643 920 2725 Beata
950 2638 1091 2725 Maria
1132 2636 1312 2752 Virginis
1342 2639 1505 2754 imago,
1534 2637 1686 2726 circium

176 2786 302 2873 quam
344 2757 385 2842 hi
434 2754 676 2844 chatasleres
714 2763 753 2845 S.
785 2763 846 2844 M.
876 2762 998 2845 ORA
1030 2762 1152 2845 PRO.
1183 2762 1237 2842 N.
1267 2755 1405 2840 sanila
1434 2759 1567 2842 Maria
1607 2763 1689 2842 Ore

169 2897 247 2993 pro
278 2874 403 2960 nobis.
432 2881 606 2989 Joannes
634 2876 841 2994 postquam
871 2906 963 2964 cum
997 2882 1182 2963 Noverca
1210 2872 1277 2962 sex
1307 2875 1499 2993 regnasset
1529 2876 1688 2986 annis,
1819 2915 1824 2925 ·

174 2992 282 3081 solos
312 2994 438 3103 inde,
476 3023 522 3081 ea
591 3023 634 3081 et
671 2994 860 3107 injuriam
903 2997 1155 3101 exturbata,
1183 2991 1400 3111 imperavit
1440 2995 1492 3082 ad
1534 3008 1688 3082 annum

172 3117 418 3230 MDI.,quo
447 3142 472 3201 a
501 3025 724 3201 Valentino
752 3114 972 3202 Alexandri
990 3120 1063 3200 VI.
1093 3110 1176 3201 silio
1205 3112 1328 3200 armis
1387 3112 1692 3201 ulsusVenetias

172 3229 214 3319 se
245 3231 281 3318 se
313 3231 491 3349 recepit.
532 3233 749 3339 Carterbm‚
777 3233 886 3320 elato
924 3232 1189 3340 Alexandro,
1217 3143 1439 3349 attritilgue
1481 3231 1689 3350 Borgiauis

170 3352 327 3456 rebus,
358 3352 561 3438 Pisaurum
594 3350 936 3439 reversussummo
966 3384 1061 3441 cum
1091 3351 1348 3441 Subditorum
1392 3352 1538 3469 gaudio
1577 3377 1690 3439 exce·

171 3491 266 3583 ptus
304 3469 378 3551 est.
407 3475 511 3553 Tres
541 3469 681 3556 habuit
711 3476 870 3560 Uxores
908 3478 1094 3586 Joannes,
1124 3471 1412 3589 Magdalenam
1452 3477 1692 3587 Gonzagam

181 3582 364 3692 scilicet,
394 3585 622 3672 Lucretiam
653 3589 876 3705 Bongiam,
906 3618 948 3679 et
978 3592 1211 3710 Juniperam
1242 3621 1292 3678 ex
1323 3588 1525 3706 splendido
1554 3593 1692 3676 Theu-

180 3703 372 3822 pulorum
403 3702 590 3819 sanguine
622 3706 821 3821 proditam
846 3737 860 3820 ;
889 3737 941 3794 cx
981 3740 1061 3824 qua
1104 3735 1235 3826 preter
1273 3707 1489 3793 Ascanium
1530 3707 1572 3790 in
1605 3706 1693 3793 vita

180 3822 306 3943 patris
334 3821 531 3930 sensium,
551 3825 830 3913 Constantium
862 3823 1011 3911 sustulit
1041 3821 1105 3908 die
1138 3828 1267 3907 XXII.
1298 3818 1504 3910 Februarii
1524 3827 1692 3930 Moira

170 3970 260 4058 quo
288 3973 410 4049 anno,
440 3943 534 4031 citm
565 3949 739 4055 Joannes
770 3948 844 4027 v1.
875 3941 969 4026 Kal
1000 3937 1169 4054 Augusti
1198 3936 1438 4048 decessisset,
1468 3938 1692 4029 Constanti·

170 4086 259 4165 us,
289 4059 401 4168 cujus
441 4059 664 4171 imaginem
707 4059 748 4142 in
790 4054 949 4143 decimo
988 4081 1133 4174 quarto
1172 4085 1274 4143 areo
1303 4055 1533 4196 exculptam
1564 4058 1689 4147 cerni·

171 4200 295 4281 mus,
326 4173 602 4287 Principatum
633 4171 702 4259 sub
732 4173 910 4262 Galeatii
942 4175 1077 4264 Patmi
1121 4173 1246 4262 tutela
1277 4174 1456 4265 obtinuit
1485 4205 1501 4290 3
1530 4176 1574 4264 in
1604 4208 1686 4296 quo
1724 4198 1835 4299 XIV,

170 4322 266 4379 cum
298 4289 368 4377 vix
400 4292 499 4378 duos
527 4321 653 4379 annos
682 4292 872 4400 stetisset,
903 4301 976 4382 IV.
1007 4295 1098 4381 Idus
1127 4292 1289 4383 Sextilis
1319 4321 1343 4381 e
1374 4293 1477 4385 vivis
1506 4294 1630 4411 abiit,
1647 4327 1690 4406 et

14 4440 17 4443 ·
171 4408 215 4499 in
247 4409 422 4499 Ecclesia
455 4408 522 4523 (2)
552 4411 687 4497 Sandis
717 4411 855 4526 Jacobs
888 4411 1128 4530 sepulturam
1159 4414 1333 4529 accepit.

235 4529 325 4618 Post
354 4528 509 4618 elatum
540 4530 820 4620 Constantium
850 4531 1071 4737 Pisaurelpse
1101 4531 1325 4652 Imperium
1354 4560 1379 4622 a
1408 4531 1602 4741 Juli0F11.
1644 4544 1689 4641 in

1544 4688 1633 4755 mn·

195 4854 1390 4894 mmm-unul.-
1396 4841 1693 4911 —--.-.—-⁴

237 4932 292 5011 (ι)
314 4934 505 5012 Cottignola
526 4937 592 5013 agri
617 4933 821 5005 Ferrariensie
841 4935 1002 5015 Oppidum
1032 4938 1145 5003 Murio
1175 4939 1356 5008 Attendulo
1379 4937 1397 5017 s
1419 4945 1471 5020 qui
1492 4944 1532 5011 ob
1563 4948 1696 5021 bellicae

194 5028 247 5084 res
277 5013 410 5084 sortiter
440 5017 535 5094 gessar
566 5009 695 5083 ssortlae
725 5038 896 5096 cognomen
922 5016 975 5084 sbi
992 5062 1003 5096 ‚
1023 5035 1060 5085 et
1082 5016 1145 5085 suae
1167 5019 1317 5100 deinceps
1338 5023 1479 5092 Familia
1509 5024 1591 5097 serit
1614 5031 1629 5108 l
1650 5037 1695 5103 ob

195 5096 346 5176 stipendia
366 5102 399 5165 ei
420 5099 460 5164 ab
483 5097 620 5166 Ecclesia
641 5099 776 5178 debita,
799 5099 873 5166 data
895 5096 961 5167 fuit
984 5103 1015 5165 in
1039 5102 1175 5168 Feudum
1199 5121 1265 5183 ,et
1288 5100 1350 5173 suis
1371 5106 1698 5194 successurorum.

198 5184 614 5335 ¹¹o(ss(lelcactrsns'sdnciscus
636 5267 740 5331 Maria
763 5260 929 5331 Roboreus
949 5259 1105 5331 successor
1122 5310 1133 5345 ,
1153 5282 1192 5334 ut
1214 5289 1309 5333 norae
1333 5268 1411 5336 Urbi
1434 5275 1629 5342 munitiones
1644 5297 1699 5355 pa.

199 5362 288 5410 reret
308 5391 319 5423 ,
339 5344 408 5413 solo
429 5351 600 5430 aequaeit3
623 5369 685 5425 quo
709 5366 854 5426 tempore
876 5343 1050 5412 sfortianae
1071 5353 1190 5419 Gentis
1210 5346 1272 5415 ossa
1293 5346 1331 5415 ad
1362 5352 1531 5422 Ecclesiam
1565 5360 1693 5426 Mania·
1738 5380 1741 5385 ·

168 5468 171 5475 ·
193 5427 275 5520 llum
296 5431 415 5499 sanda
436 5437 551 5504 Maria
571 5433 767 5514 Magdaleuae
788 5431 893 5502 delata
914 5425 1018 5510 suut,
1038 5426 1146 5512 ibique
1166 5424 1269 5503 edbdc
1289 5431 1513 5514 requiescunt.
