4460 6240
524 657 885 771 mediocriter
934 658 1086 771 mibi
1131 664 1378 802 placui,
1413 694 1477 779 et
1514 673 1694 810 probo
1725 674 1906 781 etiam
1952 698 2040 781 to-
2152 690 2160 701 ’

525 806 628 911 ties
665 881 684 924 ,
719 803 974 939 mihique
1009 804 1232 940 placeo,
1266 812 1549 946 quoties(
1575 813 1728 952 quod
1760 815 1832 922 -lit
1858 809 2045 950 saepts-
2209 828 2210 871 ¹

523 948 653 1056 fime‘
681 952 700 1073 )
729 945 1042 1079 obuersatur
1091 947 1308 1057 eximia
1342 951 1446 1061 illa
1480 957 1742 1076 tua,Vir
1774 954 2030 1065 illustris-
2210 1008 2211 1015 Ν

520 1090 760 1212 fime,ac
799 1108 1130 1194 caeterorum
1145 1092 1476 1229 sapientum
1513 1097 1840 1235 benignitas,
1855 1127 2029 1232 quam
2210 1096 2211 1105 ‘

520 1231 651 1343 satis
685 1229 882 1368 apertc'
902 1227 1271 1366 significastis,
1305 1264 1554 1372 meque,
1586 1266 1890 1372 meumque
1916 1237 2033 1342 ine-
2210 1242 2212 1327 ξ

522 1374 782 1483 ruditum
818 1366 1162 1506 opusculum
1197 1374 1401 1511 majori
1436 1385 1468 1497 ,'
1504 1408 1682 1513 quam
1716 1378 2033 1514 opinabar,
2211 1420 2212 1423 ‘

523 1512 884 1623 humanitate
922 1514 1251 1651 excepistis.
1287 1516 1432 1625 Haec
1465 1549 1559 1625 me
1593 1517 1845 1657 proseliti
1879 1519 2032 1625 beni-

527 1654 760 1798 gnitatis
775 1649 1031 1759 mirificae
1053 1658 1369 1764 recordatio
1403 1660 1681 1768 excitavit
1717 1662 1889 1766 etiam
1926 1657 2032 1762 hoc

415 1835 422 1844 ·
521 1825 779 1935 tempore
811 1870 834 1915 ,
864 1816 933 1899 ut
964 1792 1045 1907 ad¹
1074 1795 1397 1933 huiusmodi
1433 1799 1743 1937 auspicium
1771 1795 2032 1934 confuge-

523 1968 790 2046 remznec
821 1932 1101 2043 excitavit
1140 1938 1447 2057 modd,sed
1484 1941 1670 2048 voluit
1705 1944 1881 2077 etiam
1911 1938 2034 2073 plu-

520 2076 846 2198 rimum,ut
878 2076 1139 2198 omnibus
1170 2076 1429 2184 recusatis
1465 2154 1486 2198 ,
1519 2080 1646 2188 Tibi
1685 2155 1701 2199 ‚
1737 2080 1844 2187 Vir
1894 2108 2035 2212 prae-
2174 2194 2180 2203 ,

523 2218 944 2338 stantiffime,et
976 2216 1331 2352 Sapientibus
1360 2221 1581 2326 caeteris
1617 2220 1761 2325 banc
1798 2220 1869 2325 de
1903 2217 2036 2323 Mo-

520 2360 662 2471 netis
698 2355 879 2466 Italiae
914 2386 949 2460 a
985 2355 1203 2465 nemine
1229 2362 1405 2492 ‚quod
1443 2357 2037 2497 sciam,evulgatis‚ct

524 2535 557 2608 a
593 2529 820 2606 menon
852 2492 963 2605 fine·
988 2498 1175 2603 multa
1203 2498 1513 2637 diligentiae
1542 2502 1896 2604 contentione
1925 2497 2040 2601 col-

526 2639 686 2748 lectis
734 2632 1195 2745 Differtationcm
1233 2638 1577 2744 libentillimc‘
1627 2637 2039 2771 consecrarem:

525 2782 948 2936 Quemcumque
985 2774 1175 2903 srtres
1207 2776 1430 2885 exitum
1469 2779 1751 2897 habitura,
1790 2811 1896 2881 non
1938 2806 2037 2910 po-

523 2919 794 3056 tu1,quin
819 2923 996 3027 vestro
1013 2920 1241 3026 nomine
1267 2920 1456 3054 ornari
1472 2918 1672 3024 vellem
1689 2920 1832 3024 hanc
1851 2947 2035 3020 meam
2199 2944 2203 2955 ’

523 3057 889 3195 antiquitatis
918 3060 1300 3177 eruditionem
1335 3134 1352 3177 ,
1388 3086 1443 3163 et
1481 3060 1692 3194 publici
1743 3060 1882 3193 juris
1917 3054 2038 3160 lieri

524 3203 706 3308 altera
738 3200 849 3308 hac
880 3201 950 3304 de
987 3193 1198 3318 ceolla,
1222 3226 1397 3333 quam
1434 3198 1609 3305 velim
1644 3199 1832 3304 statim
1869 3195 2035 3301 intel-

523 3341 744 3480 ligatis.
776 3337 1113 3459 Nummos,
1143 3366 1391 3473 quorum
1428 3369 1575 3442 nunc
1613 3338 1881 3444 notitiam
1915 3337 2039 3440 cxi-

521 3483 675 3604 beo,
724 3478 934 3618 quique
985 3474 1045 3580 i'n
1096 3475 1325 3615 publico
1357 3474 1588 3599 Museo,
1621 3478 1715 3584 cui
1752 3475 2038 3611 praelum,

520 3618 915 3738 asservantur,
964 3618 1381 3725 nonnessomne's
1412 3690 1434 3738 ,
1466 3616 1648 3726 Vobis
1682 3614 1829 3722 mibi
1863 3618 2038 3722 adid

521 3762 823 3903 pecuniam
854 3757 1345 3899 suppeditantibus
1375 3758 1900 3895 conparavir'Non
1939 3784 2038 3888 po-

528 3929 718 4014 teram
748 3902 929 4040 igitur
961 3899 1113 4006 nulle
1145 3901 1290 4009 banc
1303 3898 1763 4010 Dissertationum
1795 3897 2039 4003 medita·

530 4051 586 4174 ri
618 4118 644 4166 ,
670 4066 734 4153 et
763 4041 1066 4158 conficere,
1099 4043 1267 4187 typis
1295 4040 1597 4182 evulgare,
1626 4060 1687 4147 et
1722 4038 1904 4145 vestro
1935 4064 2034 4171 pa·

518 4184 761 4296 trocioio
789 4181 1183 4293 conmittere.
1211 4179 1346 4292 Hoc
1366 4214 1405 4288 a
1430 4211 1524 4288 me
1556 4176 1798 4318 quidem
1826 4198 1888 4283 et
1918 4170 2034 4282 mei

518 4323 968 4448 miclitanum
1001 4319 1183 4432 vestra
1213 4325 1525 4433 auctoritas
1558 4322 1683 4458 itur
1714 4316 2034 4452 meritopo·

519 4465 829 4577 stuiabaot.
859 4468 990 4577 Non
1022 4464 1227 4572 debent
1258 4489 1472 4573 exterae
1503 4462 1867 4580 nationes,ac
1888 4487 2032 4593 prae-

518 4608 720 4719 settim·
761 4607 1027 4717 finitimae
1052 4680 1073 4728 ‚
1097 4606 1325 4744 ⁴quibus
1357 4603 1681 4714 huiusmodi
1715 4632 1907 4713 rerum
1955 4596 2030 4706 est

517 4752 678 4887 copia
715 4825 736 4872 ,
779 4782 892 4860 non
926 4747 1136 4855 debent
1167 4744 1378 4860 nescire
1408 4749 1521 4855 bac
1551 4776 1660 4855 nor
1686 4747 1865 4854 etiam
1897 4744 2029 4849 Fer-

518 4888 786 5003 rarienses
829 4884 1185 5030 lupelleililis
1217 4887 1535 5026 cupiditate
1567 4885 1901 4997 sollicitati.
1952 4881 2029 4986 O-

518 5055 715 5170 portet
751 5031 881 5143 sane
914 5030 987 5138 ab
1021 5025 1221 5136 iisdem
1255 5061 1367 5138 non
1402 5030 1689 5172 ignorari,
1731 5026 1874 5138 Vos,
1903 5018 2027 5125 Ho-

519 5176 719 5284 mines·
761 5169 967 5310 nempe'
1025 5167 1338 5308 multiplici
1396 5200 1590 5284 rerum
1651 5167 2028 5307 gerendarum

1751 5338 1960 5449 occupa
