4484 6268
595 549 693 631 tro
867 516 1006 632 DE
1075 514 1738 641 MONETI.S‚.

514 742 586 831 sua
614 739 805 835 inhiantis
836 739 1043 860 portioni,
1071 736 1289 833 calliditate
1318 741 1543 864 perspesia,
1572 769 1620 843 ut
1657 740 1890 863 inpubem
1930 743 2016 859 eiua

516 858 708 949 animum¹
739 861 947 967 eluderet,
977 859 1178 946 Pisaurum
1221 862 1426 948 Francisco
1464 863 1618 952 Ssortia
1660 863 1905 961 venundavit
1921 926 1944 973 ,⁴
1960 894 2016 961 aa

514 982 673 1095 quidem
707 981 833 1097 lege,
863 1003 911 1066 ut
938 975 1062 1066 Urbis
1091 977 1271 1092 regimen
1317 980 1548 1069 Alexandro
1574 981 1688 1068 fratri
1705 982 2013 1071 demandaretur

516 1097 607 1213 (1);
637 1129 719 1214 quo
747 1101 968 1214 imperante
1000 1125 1119 1182 arens
1148 1125 1338 1183 nummus
1368 1096 1436 1184 sub
1467 1129 1565 1186 num
1588 1104 1618 1183 Ι.
1632 1098 1744 1187 culus
1771 1099 1836 1186 est.
1852 1101 2015 1188 Ptasert

394 1250 400 1257 ·
456 1232 489 1313 1.
518 1217 584 1303 hic
614 1217 852 1303 infilientern
882 1222 1062 1300 Leonem
1090 1210 1353 1300 anterioribus
1380 1218 1545 1331 pedibus
1573 1212 1806 1328 Cydoniam
1845 1246 2015 1335 pomum

517 1334 768 1422 sustinentem
815 1330 1071 1448 (Ssortianae
1113 1329 1293 1417 Familia
1327 1333 1578 1447 gentilitium
1617 1339 1785 1425 Scutum
1813 1332 1833 1447 )
1862 1335 2016 1423 circum

515 1483 636 1568 quem
667 1481 815 1539 nomen
844 1448 1036 1565 Principis
1074 1444 1343 1535 ALEilander
1370 1457 1642 1543 SFORTIA·
1672 1458 1845 1540 Crucem
1873 1453 1918 1540 in
1948 1453 2015 1545 ad·

515 1571 624 1659 versa
653 1570 858 1679 ostendit,
886 1595 926 1656 et
958 1569 1077 1653 verba
1117 1571 1381 1671 DOMINVS
1422 1575 1666 1657 PISAVRI.
1695 1570 1924 1658 Alexander
1962 1598 2014 1656 ex

515 1689 654 1776 Mutio
685 1688 907 1775 Attendnlo
936 1710 1053 1783 natus
1082 1713 1153 1801 per
1181 1683 1343 1799 vestigia
1373 1713 1547 1803 patema
1573 1685 1736 1775 virtutis
1765 1689 1971 1777 decurrens
2000 1747 2015 1795 ,

516 1807 663 1924 egregii
695 1807 827 1922 sapius
857 1802 980 1897 Ducis
1009 1800 1161 1889 famam
1191 1800 1356 1919 adeptus
1394 1806 1475 1893 est.
1505 1803 1711 1895 Francisco
1750 1804 1861 1892 enim
1902 1803 2016 1891 fratri

516 1927 557 2010 in
599 1925 819 2039 subigendis
859 1921 1217 2008 Mediolanensrbus
1256 1921 1410 2008 auxilio
1448 1921 1557 2027 fuit,
1585 1923 1810 2037 sortemque
1850 1951 2015 2039 operam

516 2044 558 2129 in
591 2043 846 2159 reprimendis
877 2040 982 2127 illius
1013 2038 1097 2153 agri
1129 2036 1331 2144 Urbibus‚·
1359 2066 1401 2126 et
1432 2035 1610 2125 maximi
1640 2040 1682 2126 in
1714 2039 2015 2157 oppugnatione

483 2160 484 2164 ‘
517 2161 723 2248 Placentia
764 2188 918 2262 manu,
958 2182 999 2242 et
1046 2155 1207 2243 consalio
1249 2156 1444 2271 prastitit.
1483 2164 1571 2243 Nec
1613 2156 1759 2243 minori
1791 2159 1940 2245 virtute
1973 2155 2019 2245 in

516 2278 783 2396 Neapolitano
814 2277 978 2382 bello,a
1008 2273 1140 2390 Regni
1172 2274 1432 2388 Magnetibus
1462 2305 1556 2364 cnm
1584 2274 2040 2390 JoanneAndegauen··

515 2400 543 2485 st
575 2397 830 2485 sentientibus
871 2394 912 2485 in
956 2394 1251 2484 Ferdinandum
1282 2399 1437 2511 Regem
1468 2392 1673 2502 excitato,
1701 2392 1738 2483 se
1769 2395 1900 2508 gessit·
1929 2399 2023 2481 Pro·

513 2516 658 2633 fligatis
687 2514 795 2603 enirn
824 2516 875 2605 ad
903 2518 1074 2627 Troiam
1107 2509 1336 2603 Rebellium
1366 2514 1490 2632 copiis
1507 2575 1521 2620 ‚
1539 2515 1831 2629 UrbesaRege'
1859 2510 2022 2605 deseitat

515 2646 565 2730 ad
595 2633 823 2753 obsequium
858 2635 1032 2751 redegit.
1062 2641 1148 2720 Tot
1176 2632 1274 2746 ergd
1310 2630 1473 2749 aliisque
1512 2630 1639 2748 gloria
1683 2631 1812 2748 dignis
1855 2628 2044 2748 peredit

515 2754 704 2843 Venetias
735 2784 870 2870 petens
901 2784 1007 2839 anno
1037 2754 1427 2842 MCCCCLXXIIL
1457 2752 1527 2838 ubi
1555 2752 1605 2839 ad
1626 2754 1792 2841 Turrim
1818 2749 1923 2843 lolia
1954 2742 2023 2861 (a.)

518 2873 725 2991 pervenit,
755 2875 796 2958 in
829 2871 935 2958 illius
966 2870 1044 2958 loci
1075 2902 1252 2988 caupona
1283 2870 1495 3007 repentino
1526 2872 1667 2955 morbo
1698 2868 2022 2986 correptus.lli.

519 3001 626 3078 Non.
656 2990 926 3106 Aprilis‚lrora
957 2988 1082 3076 nosiis
1111 2989 1276 3078 secunda
1307 3018 1441 3076 vivere
1471 2987 1605 3074 denir.
1635 2992 1790 3104 Corpus
1820 2986 2021 3075 Pisaurum

520 3109 699 3196 delatum
734 3110 774 3192 in
818 3109 992 3195 Ecclesra
1023 3107 1155 3193 Sansii
1186 3107 1324 3221 Jacobi
1357 3108 1606 3195 tumulatur.

548 3227 615 3311 Ad
646 3216 921 3312 Constantium
955 3223 1173 3313 Alexandri
1204 3222 1332 3310 filium
1365 3222 1512 3340 spesiat
1541 3225 1726 3323 secundus
1757 3257 1875 3316 areus
1906 3256 2021 3313 num·

427 3350 487 3433 11.
518 3339 677 3448 mus‚in
708 3338 817 3449 cujus
847 3339 980 3425 medio
1001 3342 1088 3428 'duo
1117 3339 1309 3433 Dorcadis
1348 3356 1506 3431 cornua
1525 3343 1639 3431 simul
1670 3346 1883 3461 colligata,
1912 3343 2023 3432 Prin·

520 3457 617 3575 cipis
646 3455 894 3569 symbolum,
923 3456 1108 3570 exculpto
1139 3457 1457 3572 perpenduntur,
1478 3464 1607 3559 verbis
1637 3461 1678 3547 in
1709 3492 1859 3577 gyrum
1892 3461 2025 3577 posrtis

522 3580 879 3664 COSTANTlVS
910 3576 1090 3662 SFortia.
1119 3583 1159 3662 A
1191 3599 1304 3692 tergo
1334 3580 1447 3666 Crux
1475 3638 1490 3685 ,
1519 3604 1560 3665 et
1608 3581 1727 3668 verba
1759 3583 2024 3668 DOMINVS

524 3695 780 3782 PISAVRi.
1936 3745 1940 3751 -

585 3818 650 3907 Ex
680 3809 822 3897 eodem
853 3811 1021 3927 metallo
1050 3817 1243 3901 conflatus
1270 3814 1324 3899 est
1354 3810 1564 3918 tertius,in
1596 3841 1676 3929 quo
1707 3842 1756 3898 ex
1788 3840 1867 3898 una
1907 3830 2020 3925 parte

411 3933 485 4027 Ill.
526 3931 735 4020 exhibetur
764 3957 919 4018 nomen·
931 3931 1120 4054 Principis
1151 3937 1552 4023 CONSTANTIVS
1573 3936 1822 4021 SFORTIA
1851 3951 2023 4130 qpatuor

1822 4076 1876 4167 po
1907 4071 1964 4131 te·

1985 630 2009 669 X

531 4284 2026 4333 mmm

574 4368 628 4449 (Ι)
650 4374 765 4438 Fertur
787 4374 960 4442 Alexandri
981 4375 1178 4443 Constantiae
1201 4380 1289 4445 Petri
1311 4374 1457 4444 Gentilis
1480 4376 1597 4439 Verani
1616 4370 1821 4438 Camertium
1843 4362 1964 4442 Reguli
1988 4357 2028 4426 fi·

532 4453 589 4519 liae
609 4474 717 4520 amate
739 4455 945 4525 uehementer
964 4462 1055 4533 capti
1074 4462 1280 4525 matrimonia
1301 4449 1621 4536 matremobliitilse3
1641 4443 2026 4518 indecorumaslerentem

535 4534 670 4613 puellam
701 4556 744 4601 ea
766 4541 914 4617 Principe
934 4559 1040 4606 natam
1058 4560 1132 4607 eum
1143 4544 1421 4618 Virel’riaeipatu
1442 4552 1575 4605 caream
1594 4540 1724 4613 nuptiae
1743 4531 1924 4601 celebrare.
1973 4546 2030 4601 ιω.-

538 4621 626 4681 circi
648 4619 714 4695 eiua
735 4639 857 4688 amores
876 4621 1114 4689 commiseratus
1148 4618 1327 4689 Friderieua
1354 4618 1494 4687 Urbinas
1525 4616 1725 4684 Franciscnm
1749 4613 1792 4681 ad
1821 4631 1951 4682 coemen
1976 4626 2029 4674 ui!

539 4696 730 4777 Pisaurum,
752 4720 788 4767 et
810 4701 907 4768 fratri
929 4702 968 4767 ad
991 4703 1160 4782 regendum
1181 4702 1311 4769 tradere
1332 4699 1549 4767 sollicitavit.
1578 4703 1660 4765 lniie
1691 4704 1769 4778 erge
1811 4698 2031 4793 Principatum

539 4779 795 4933 Aleaandersdie
823 4789 918 4852 xvi.
939 4787 1056 4851 Martii
1077 4787 1340 4852 MCCCCXLV.
1361 4794 1399 4849 et
1418 4784 1476 4848 ΙΙΙ.
1498 4779 1571 4847 idua
1592 4781 1717 4860 Aprilis
1739 4778 1957 4845 Constantiam
1979 4768 2033 4834 fiba

536 4867 687 4939 coniugio
729 4870 867 4931 ociavit.
1938 4905 1942 4913 -

583 4940 635 5017 (τ)
659 4949 724 5012 Hic
746 4948 834 5015 loeus
854 4946 894 5014 ab
914 4945 1030 5014 ineolis
1051 4958 1141 5012 iiam
1161 4952 1239 5012 delia
1264 4947 1344 5025 rada
1371 4962 1570 5023 nuncapatur
1592 4942 1698 5011 teritur
1730 4939 1870 5006 millibus
1902 4930 2034 5013 pellibus

541 5017 582 5087 ad
602 5025 767 5092 meridiem
792 5030 937 5095 Ferrarii
956 5026 1112 5106 diffidet,
1133 5029 1238 5108 alique
1256 5029 1336 5108 iuria
1357 5022 1613 5105 praeslantidimae
1637 5030 1766 5103 varane
1789 5017 1956 5086 Familia»-
1978 5035 2037 5114 aa·

545 5108 671 5182 “quum
693 5127 759 5185 etus
781 5107 979 5186 splendorem
999 5110 1094 5176 bodie
1115 5109 1284 5178 sustinente
1307 5105 1469 5184 Alabonso
1489 5126 1634 5174 maxrmae
1655 5107 1865 5179 eruditionis,
1878 5119 1915 5163 ae
1938 5115 2040 5165 noma·

542 5188 592 5346 gis
616 5190 734 5346 {pnite
754 5235 764 5267 ,
785 5193 839 5336 gui
864 5196 997 5289 Tetrica
1019 5198 1170 5263 Poemata
1189 5188 1416 5275 eleaaaniiime
1446 5191 1559 5259 italica
1583 5189 1729 5258 cataniae
1747 5183 1935 5289 decantarit
1952 5224 1968 5260 .
1986 5197 2040 5244 ea·

566 5291 603 5337 ue
661 5293 713 5352 prs
733 5291 917 5351 cautant.
1460 5332 1463 5337 ,
1578 5304 1580 5307 ·
2009 5306 2013 5317 .
2078 5284 2085 5307 «ι
