4484 6268
358 534 1381 662 uounvuacnrrs
1524 480 1698 684 ψ’

20 836 21 843 a
174 766 309 888 Regni
337 770 487 859 herede
517 765 586 856 snb
615 790 749 858 rurore
778 761 940 853 relilio.
966 768 1028 852 At
1067 759 1300 851 Manfredus
1327 761 1517 853 ‘Conradi
1538 761 1668 853 wfrater

173 888 362 1010 regnandi
391 888 607 1005 cupiditate
636 884 792 973 illelius
822 880 1038 970 Conradini
1068 905 1200 968 morte
1244 879 1387 968 callida
1427 907 1512 969 arte
1551 883 1671 971 sumu·-

165 1011 292 1117 lata,
330 1014 618 1119 Procerumque
656 1001 802 1090 animis
843 999 913 1086 sabi
943 997 1157 1107 devinilis,
1185 1005 1276 1087 Rex
1305 997 1504 1114 utriusque
1534 1000 1668 1114 Regni

166 1128 359 1217 salutatur
400 1128 676 1210 MCCLVlII.
726 1118 850 1235 Quod
889 1146 982 1204 cum
1024 1118 1212 1203 Urbanus
1253 1121 1316 1203 VI
1359 1140 1454 1203 tunc
1495 1116 1671 1204 summus
1827 1138 1833 1151 ¹
1967 1140 1975 1153 ⁴

167 1241 354 1337 Pontifex
394 1238 492 1355 agre
521 1241 672 1345 lerret,
703 1235 893 1324 Carolum
925 1232 1251 1368 Andegavensem
1291 1233 1424 1321 Saum
1475 1236 1671 1325 Ludouici
1827 1338 1830 1343 ¹

20 1432 21 1437 a
168 1370 415 1454 Francorum
444 1359 569 1471 Regis
597 1354 774 1461 fratrem,
803 1351 1002 1466 utriusque
1020 1351 1160 1438 Srcilia
1179 1357 1334 1466 Regem
1366 1379 1414 1437 ea
1444 1352 1671 1441 conditione

169 1475 410 1583 declaravit,
438 1498 484 1560 ut
515 1471 772 1560 Manfredum
803 1469 982 1558 Ecclesrae
1011 1466 1206 1556 infensum
1237 1468 1319 1581 jam
1338 1471 1672 1581 exaudlomtunr,

20 1614 21 1623 '
176 1628 223 1686 ac
253 1593 348 1684 diris
378 1618 609 1679 execratum
649 1621 674 1678 a
711 1595 858 1705 Regno
887 1587 1135 1708 deturbaret.
1175 1587 1341 1675 Carolus
1370 1617 1463 1674 curn
1493 1590 1674 1677 Beatrice

20 1768 21 1813 ς
153 1741 296 1803 uxore
326 1717 504 1798 Romam
536 1707 699 1795 ueniens
728 1766 742 1813 ,
770 1704 977 1794 Senatorio
1016 1701 1123 1821 prius
1161 1702 1355 1820 dignitate
1395 1708 1675 1797 condecoratus

172 1831 216 1920 in
247 1835 403 1941 Regem
434 1822 806 1940 utriusque-Sicilia
836 1853 860 1909 a
891 1823 1103 1910 Clemente
1135 1821 1310 1937 IV.,qui
1341 1824 1508 1910 Urbano
1538 1824 1677 1913 succes·

170 1946 311 2051 serat,
341 1943 418 2031 uult
448 1974 540 2031 cum
572 1942 754 2057 Conjuge
784 1967 1022 2027 coronatur.
1052 1944 1167 2025 Vlll.
1197 1939 1284 2026 idus
1305 1941 1505 2052 Januarii.
1535 1948 1676 2032 MCC·

173 2067 331 2153 LXVI.
360 2067 447 2147 Nec
477 2059 609 2147 multd
638 2061 722 2177 post
759 2056 802 2143 in
843 2057 1099 2144 Manfredum
1141 2058 1190 2143 ad
1230 2063 1506 2146 Beneventum
1548 2062 1677 2150 conse·

175 2184 338 2270 dentem
377 2207 469 2265 cum
509 2176 602 2264 esset
644 2175 858 2293 progressus
885 2233 899 2282 ,
928 2173 1139 2263 contradlis
1177 2172 1240 2260 die
1281 2181 1430 2262 XXVI.
1472 2179 1678 2269 Februarii

175 2297 329 2405 armis,
359 2295 513 2411 summa
542 2293 798 2382 contentione
830 2317 900 2406 per
928 2315 1101 2406 quatuor
1139 2292 1255 2375 horas
1294 2290 1480 2406 utrinque
1528 2323 1676 2409 pugna.

179 2441 446 2521 tum,neutro
476 2412 694 2498 inclinante
725 2405 922 2493 vicloria:
953 2407 1004 2492 ad
1033 2433 1260 2492 extremum
1292 2437 1384 2493 cum
1414 2441 1493 2525 pro
1526 2418 1676 2506 Carolo
1769 2418 1794 2505 ‘⁹1

182 2536 311 2640 stare,
340 2556 381 2616 et
412 2530 447 2618 se
478 2559 502 2615 a
532 2527 607 2615 suis
637 2524 840 2611 desertum'
864 2522 1095 2609 Manfredus
1124 2521 1364 2638 cognovisset
1388 2558 1409 2635 ,·
1438 2557 1488 2614 ne
1518 2527 1677 2622 incerrae

180 2650 196 2739 i
225 2647 529 2761 nominiolaeque
571 2642 662 2730 vita
703 2637 940 2755 superesset,
969 2639 1011 2725 in
1051 2639 1230 2728 densatos
1270 2642 1396 2729 hostes
1426 2674 1680 2767 erumpens,

20 2766 21 2773 Ν
181 2682 266 2877 ido,
293 2791 335 2854 et
363 2764 495 2852 alieno
524 2789 660 2851 cruore
690 2758 837 2845 oblitus
865 2755 1038 2843 interiit:
1070 2757 1153 2875 post
1182 2783 1338 2876 partam
1367 2759 1577 2855 victoriam
1606 2773 1682 2856 Ca·

184 2889 293 2975 rolus
321 2882 539 2999 Neapolim
578 2873 764 2992 ingreffus
802 2874 854 2960 ab
884 2871 1082 2991 utriusque
1113 2875 1246 2995 Regni
1288 2878 1550 2996 Magnatibus
1587 2889 1679 2975 Rex

115 3030 117 3034 ·
182 3003 453 3093 consalutatus
481 3000 565 3086 est.

242 3126 422 3238 Quartus
459 3147 600 3204 aureus
637 3144 826 3204 nummus
859 3125 922 3204 16.
959 3132 1081 3231 grana
1108 3111 1152 3201 in
1182 3114 1353 3233 pondere
1383 3148 1463 3207 non
1493 3122 1685 3214 excedens

185 3240 351 3329 ollendir
370 3237 411 3323 in
442 3235 573 3323 antica
604 3235 739 3352 siglam
772 3241 825 3320 K.
855 3265 999 3353 nempe
1029 3236 1258 3342 Carolus,et
1289 3235 1332 3322 in
1361 3240 1456 3325 orbe
1486 3242 1567 3330 hac
1598 3250 1682 3330 uer·
1709 3246 1784 3332 1v.

184 3361 239 3443 ba
277 3359 520 3439 KAROLus
558 3359 695 3438 REX·
735 3357 782 3438 In
832 3355 975 3471 postica
1016 3353 1094 3441 tria
1123 3352 1232 3458 lilia,
1262 3355 1384 3471 Regis
1414 3356 1613 3467 stemma,
1642 3387 1684 3450 et

22 3502 26 3511 ’
193 3476 470 3560 Ιτειιονοοεω
501 3471 908 3587 SIClLiaemCarolus
938 3470 978 3557 in
1010 3470 1238 3586 Principatu
1275 3473 1535 3564 confirmatus
1565 3478 1686 3563 tertio

20 3602 22 3607 ‘
195 3584 329 3704 Regni
344 3614 450 3672 anno
458 3584 715 3703 periculosum
726 3588 910 3675 belluma
927 3588 1153 3675 Conradino
1170 3591 1340 3674 Conradi
1363 3591 1454 3676 filio
1473 3591 1595 3708 paffus
1615 3594 1688 3678 est.

195 3705 279 3795 Hic
319 3702 426 3790 enim
465 3702 681 3819 impotenti
719 3704 924 3791 instruens
963 3704 1150 3806 consilio,
1178 3705 1477 3812 quartodecimo
1504 3736 1529 3792 a
1559 3734 1688 3796 morte

188 3820 314 3912 Patris
343 3851 450 3909 anno
479 3851 528 3909 ex
558 3820 787 3908 Germania·
807 3819 849 3903 in
881 3816 1042 3902 Italiam
1068 3836 1283 3929 paternum
1313 3825 1503 3934 Regnum
1545 3823 1686 3938 repeti·

191 3967 302 4030 turus
329 3939 523 4043 veniens,
552 3967 631 4023 non
665 3937 739 4021 suis
769 3928 1029 4037 tantum,sed
1060 3929 1253 4016 Italorum
1294 3934 1454 4052 stipatus
1492 3934 1714 4029 militibus*
1824 4030 1834 4049 ‚

195 4055 246 4141 ad
275 4054 470 4138 Fucinum
501 4052 633 4138 lacum
664 4049 782 4134 callra
813 4045 981 4132 locavit:
1012 4043 1075 4132 cui
1105 4046 1268 4134 obviarn
1297 4049 1719 4165 fanosCarolo,col··
1860 4111 1864 4118 ·

199 4169 290 4257 latis
328 4168 475 4283 lagnis,
504 4174 552 4253 X.
583 4166 677 4253 Kal.
715 4160 985 4283 Septembris.
1015 4169 1329 4253 MCCLXVIll.
1358 4171 1421 4257 ad'
1446 4201 1557 4259 arma
1597 4204 1691 4261 ven·

199 4315 288 4376 tum
320 4287 384 4373 est.
414 4287 479 4372 Ad
511 4311 589 4373 tres
618 4287 735 4371 horas
764 4277 954 4370 acerrime
993 4281 1228 4369 dimicatum
1255 4281 1434 4378 saeviente
1465 4288 1508 4375 in
1549 4291 1692 4380 Gallos

198 4405 396 4511 fortuna,
425 4433 595 4519 quorum
627 4432 714 4520 pars
743 4397 892 4504 saucii,
920 4403 1133 4505 autemst,
1161 4428 1231 4488 aut
1261 4402 1303 4488 in
1332 4404 1374 4494 fu
1403 4438 1470 4494 arn
1504 4411 1690 4496 conversa:

200 4525 291 4613 cbm
322 4522 488 4609 Carolus
518 4552 568 4610 ex
597 4519 742 4607 infidiis
770 4517 969 4633 egressus,
1009 4516 1051 4604 in
1091 4524 1314 4607 Germanos
1353 4438 1402 4610 ad
1442 4529 1562 4611 caedes
1602 4556 1694 4640 prae·

201 4643 372 4754 demque
402 4639 536 4727 solutis
566 4640 765 4725 ordinibus
794 4635 1102 4743 incumbentes,
1132 4666 1224 4723 cum
1254 4638 1414 4728 deledlis
1443 4672 1522 4728 non
1553 4644 1695 4758 ampli·

189 4789 245 4846 us
274 4757 500 4872 quingentis
529 4756 725 4870 equitibus
756 4781 869 4841 tanto
899 4754 1051 4869 impetu
1083 4755 1290 4866 erumpit,
1318 4784 1364 4844 ut
1394 4760 1565 4876 undique
1588 4760 1694 4875 'pulsr

199 4872 462 4990 trucidatique
493 4874 543 4960 ad
574 4874 706 4988 sugam
738 4870 1003 4988 capeffendam
1035 4873 1368 4985 compellerentur
1383 4909 1401 4981 ;
1429 4906 1506 4991 qun
1547 4877 1588 4964 in
1637 4876 1696 4963 lu·

164 5067 167 5074 .
202 5022 253 5108 ga
298 4993 546 5080 Conradinus
585 4991 823 5106 interceptus
843 5052 856 5094 ,
876 5015 916 5074 et
948 4990 997 5073 ad
1028 4989 1219 5075 Carolum
1253 5017 1346 5077 tunc
1377 4994 1550 5108 Neapoli
1583 5024 1701 5110 agen·

203 5137 286 5199 tent
317 5112 538 5215 adductus,
566 5112 650 5225 ejus
678 5107 774 5218 jnffu
814 5138 895 5197 non
936 5107 1014 5194 fine
1061 5105 1233 5195 infamiae
1274 5109 1361 5196 labe
1402 5113 1531 5231 capite
1564 5110 1701 5226 plexus

907 5230 948 5310 N
1556 5229 1635 5317 cll·
1769 5271 1771 5276 ·
