4460 6240
230 620 232 631 ’
342 636 1376 793 uouavuuonrrs
1518 652 1585 781 a

165 883 304 1007 pertefi
333 884 467 969 xvn.
494 876 589 969 Kal.
619 874 863 997 Septembris
890 873 934 962 in
964 903 1059 963 euru
1087 871 1319 990 insurgunt,
1340 873 1592 996 excitatoque
1623 880 1667 968 in

165 1013 272 1096 Foro
303 1000 516 1107 tumultu,
543 1028 637 1087 cum
666 999 717 1085 ad
747 1024 841 1084 eunt
872 993 1085 1081 sedandum
1114 992 1329 1082 Passerinus
1359 1027 1453 1084 cum
1492 998 1567 1087 suis
1605 1000 1670 1087 de·
1719 1012 1722 1019 ’

164 1116 327 1241 repenti
356 1116 604 1223 advolasset,
631 1146 657 1202 a
685 1113 832 1202 furenti
863 1113 1011 1231 populo
1042 1110 1258 1202 trucidatus
1286 1116 1368 1200 est.
1398 1122 1461 1204 Re
1491 1148 1542 1204 err
1573 1143 1672 1206 uoto

166 1236 358 1343 successa,
388 1234 595 1347 Aloysrurn
627 1239 864 1348 Gonzagam
905 1231 1175 1336 ausioritate,
1204 1258 1245 1316 et
1284 1232 1411 1346 gratia
1453 1233 1673 1351 plurimitm

168 1386 291 1478 penes
324 1360 566 1441 Mantuanos
596 1353 848 1470 pollentem,
878 1348 994 1465 (qui
1025 1350 1200 1435 validam
1239 1377 1402 1465 operam
1443 1352 1486 1438 in
1528 1353 1626 1442 cons
1646 1352 1676 1444 i·

171 1476 328 1563 rarione
359 1473 585 1589 praestiterat
611 1530 626 1578 ,
655 1497 695 1557 et
737 1467 858 1557 Canis
896 1466 1085 1584 Scaligeri
1132 1474 1298 1552 Veronae
1339 1470 1486 1583 Reguli
1526 1386 1676 1561 auxiia

172 1591 330 1682 summa
358 1615 443 1675 arte
475 1595 515 1674 in
556 1591 711 1677 Urbem
749 1583 1005 1700 admiserat)
1047 1584 1272 1672 Dominum
1304 1585 1372 1670 fibi
1404 1587 1605 1705 Populus,
1634 1615 1677 1677 et
1783 1608 1788 1615 '

175 1716 392 1825 Magnetes
421 1705 642 1823 prefecere.
671 1706 855 1817 Aloysrus
883 1735 908 1792 a
939 1704 1088 1791 Carolo
1128 1707 1199 1788 IV·
1241 1707 1485 1819 Imperatore
1525 1707 1679 1795 Vicarii

174 1826 401 1940 Imperialis
430 1824 551 1911 titulo
580 1825 874 1929 cohonestatus,
902 1851 997 1909 curn
1026 1820 1075 1908 ad
1105 1849 1254 1908 annum
1287 1827 1533 1912 MCCCLX.
1563 1832 1681 1913 Man·

174 1969 344 2031 tuanam
374 1942 583 2028 Ditionem
615 1942 769 2058 optimi
798 1940 1128 2047 administrasset,
1156 1968 1197 2027 et
1231 1939 1314 2048 ejus
1347 1939 1442 2028 fines
1471 1938 1551 2029 lats
1594 1974 1682 2059 pro·
1720 2018 1725 2027 .
1798 1966 1801 1975 ·

176 2058 438 2164 tulisset,tres
476 2083 518 2144 er
558 2060 777 2173 nonaginta
820 2088 945 2144 annos
984 2083 1100 2145 natus
1139 2056 1313 2144 interiit.
1343 2063 1466 2147 Hunc
1498 2057 1680 2177 proximi

175 2177 290 2286 filius
308 2175 445 2262 Guido
476 2174 625 2262 secutus
654 2201 752 2262 natu
783 2176 990 2262 maximus
1019 2174 1061 2261 in
1082 2176 1213 2291 Regni
1244 2174 1472 2265 societatem
1502 2178 1585 2291 jam
1616 2179 1682 2267 ad·

180 2293 390 2411 sumptus,
418 2294 502 2410 qui,
531 2294 689 2379 decimo
726 2321 1029 2409 quamregnare
1061 2317 1219 2406 ceperat
1258 2321 1380 2398 anno,
1408 2294 1492 2382 fato
1522 2294 1679 2383 sundius

181 2413 389 2500 Ludovico
428 2413 513 2499 lilio
550 2410 767 2526 imperium
808 2408 1004 2523 reliquit,
1032 2406 1102 2492 sub
1131 2436 1214 2520 quo
1243 2410 1453 2524 evulgatus
1492 2442 1683 2500 nummus

183 2530 292 2619 culus
323 2532 401 2616 est.
435 2529 530 2616 Fuit
559 2523 1047 2640 Ludovicus·aequitatis,
1076 2551 1122 2608 ac
1153 2522 1304 2634 justitia
1334 2526 1583 2647 summoperd
1603 2529 1685 2618 cul·

183 2674 280 2754 tor,
310 2646 564 2761 finitimisque
595 2644 839 2761 Principibus
868 2643 966 2727 adeb
996 2638 1033 2726 se
1062 2641 1279 2755 amabilem
1288 2646 1476 2846 ssprebuit
1495 2708 1510 2755 ,
1529 2674 1574 2735 ut
1588 2649 1684 2736 duo·
1803 2668 1808 2674 '

184 2765 315 2853 decim
343 2765 492 2871 annis,
520 2764 662 2879 quibus
691 2791 823 2848 rerum
858 2760 1037 2874 potitus,
1065 2788 1205 2847 omnes
1243 2790 1285 2847 ce
1315 2763 1471 2851 averint
1511 2794 1644 2855 motus
1673 2826 1688 2875 ,

183 2911 225 2973 et
256 2882 410 2969 summa
439 2911 517 2999 pax
551 2888 728 2967 Mantuae
757 2876 1018 2984 affulserit,et
1046 2878 1177 2987 ptium
1207 2876 1349 2966 suerit.
1378 2888 1465 2968 Tot
1489 2912 1591 2999 ¹ergo
1620 2884 1688 2972 do·

184 3002 291 3091 tibus
321 3001 447 3086 clatus
475 2998 747 3110 conjuratione
779 3025 915 3085 tamen
945 3026 1026 3082 non
1057 2996 1223 3083 caruit:
1251 2998 1453 3086 Antonius
1482 3003 1616 3110 enim,
1644 3024 1689 3090 et

183 3120 379 3210 Nicolaus
408 3148 459 3203 ex
488 3119 693 3204 Gonziaca
722 3115 873 3231 stirpe,
901 3114 970 3229 qui
1001 3113 1050 3221 ad
1081 3114 1348 3204 Dominarum
1389 3116 1551 3235 superbd
1590 3118 1689 3208 sere·

183 3242 360 3343 bantur,
390 3262 434 3322 ut
464 3265 556 3322 eurr
587 3235 636 3320 de
667 3233 802 3323 medio
831 3232 1045 3340 tollerent,
1073 3231 1230 3341 consalin
1259 3234 1383 3322 iniere
1391 3264 1405 3347 ;
1434 3237 1579 3352 quibus
1608 3268 1692 3327 ma·

186 3356 276 3445 turb
307 3353 518 3469 compertis
548 3414 561 3461 ,
591 3351 756 3442 inlelicis
788 3349 1025 3437 temeritatis
1054 3381 1190 3467 poenas
1219 3381 1311 3438 cum
1341 3355 1502 3444 consciis
1531 3356 1693 3446 dedere.

193 3475 310 3562 Urbe
339 3469 811 3578 edificiisautta‚1>ivi
849 3469 1015 3585 Georgii
1044 3529 1059 3574 ,
1087 3494 1128 3555 et
1158 3477 1297 3558 Portus
1337 3469 1527 3571 suburbiis
1568 3474 1693 3564 muris

198 3588 507 3705 circumseptis,
535 3587 802 3695 Gubemulo,
830 3612 873 3673 et
903 3585 1166 3702 Burgosorte,
1194 3589 1241 3674 ad
1272 3586 1491 3677 invasiones
1520 3592 1692 3679 hostium

200 3707 548 3825 comprimendas,
587 3706 756 3795 Artibus
802 3703 1000 3810 firmatis,
1029 3733 1176 3791 natura
1207 3708 1388 3793 concessit
1416 3738 1522 3794 anno
1553 3714 1693 3797 MCC·

200 3833 443 3918 CLXXXII.
473 3826 675 3913 Francisco
699 3886 715 3930 ,
742 3850 784 3912 et
815 3822 1052 3915 Elizabetha
1082 3821 1344 3938 superstitibus
1372 3852 1424 3909 ex
1462 3824 1692 3914 Aldauxote

192 3944 389 4036 Obizonis
428 3944 592 4035 Ellensrs
621 3942 704 4032 filia
738 4003 755 4053 ,
795 3940 984 4060 superiori
1026 3968 1200 4052 antioc
1247 3939 1363 4029 vivis·
1378 3968 1515 4061 erepta
1552 4002 1567 4050 ,
1610 3973 1696 4061 pro·

189 4492 349 4565 'dellouut
369 4500 497 4577 excepit
518 4544 531 4579 ,
550 4517 642 4579 quem
664 4498 704 4566 ob
723 4504 890 4565 avaritiam
912 4544 924 4579 ,
944 4496 1234 4576 crudelitatemque
1269 4497 1387 4564 curuis
1415 4495 1540 4563 exosum
1569 4494 1698 4564 sextoa

206 4577 499 4656 Principatuanno
520 4602 673 4647 unacum
695 4585 796 4646 Taino
818 4577 923 4646 fratre
945 4576 1101 4645 Botesella
1123 4582 1249 4657 eiecit,
1267 4595 1302 4643 et
1326 4577 1377 4642 fibi
1401 4582 1570 4654 imperium
1592 4576 1698 4643 vindi.

204 4658 295 4722 cavit
322 4663 406 4739 ·,cui
430 4681 540 4727 novem
562 4662 626 4739 post
647 4683 744 4727 anuos
766 4659 873 4728 fundo
897 4658 1069 4727 Passerinus
1091 4657 1192 4725 frater
1214 4659 1426 4737 surrogatur,
1446 4679 1464 4722 a
1486 4657 1602 4736 populo
1624 4704 1635 4736 ‚
1657 4676 1696 4726 ut

205 4734 348 4815 superius
368 4739 503 4805 diximus
520 4784 538 4823 „
555 4740 753 4808 trucidatus.-
778 4747 820 4808 Et
846 4741 980 4819 nequid
1003 4736 1191 4806 uoracolssae
1214 4741 1314 4817 llirpir
1335 4742 1483 4805 Mantuae
1505 4758 1699 4821 remaneret,

214 4817 395 4886 Franciscus
415 4826 482 4899 eiua
504 4821 612 4899 filius,
632 4841 667 4887 et
690 4827 743 4900 qui
765 4844 804 4887 ex
829 4827 1001 4888 Ruttirono
1022 4842 1089 4886 nati
1113 4826 1311 4899 intercepti,
1332 4838 1368 4887 et
1389 4823 1422 4883 in
1450 4840 1608 4886 carcerem
1639 4822 1701 4888 asli

214 4897 302 4966 fame*
321 4908 468 4981 periere.
500 4907 613 4978 Neque
644 4905 740 4980 porro
773 4905 986 4970 omittendum
1016 4901 1239 4970 Bardelionum
1270 4905 1421 4969 Venetiae
1448 4899 1644 4980 declinasse,
1664 4918 1701 4969 et

214 4984 351 5048 Taiuutn
374 4988 548 5050 Ferrariam
570 4980 602 5049 se
622 4981 788 5050 contulisse
810 5029 822 5062 ,
843 4983 948 5062 ibique
972 4984 1137 5052 llllerrfiutn
1170 4982 1312 5063 praelidio
1344 4981 1415 5048 sede
1445 4981 1569 5050 firmata
1600 4986 1704 5048 Fami·

214 5063 291 5128 liam
314 5063 397 5131 suam
421 5064 624 5145 propagafle,
645 5062 734 5138 cujus
754 5068 880 5130 eximiae
909 5069 1050 5133 virtutes
1071 5113 1081 5145 ,
1104 5067 1213 5144 resque
1243 5062 1386 5140 preclare
1409 5064 1499 5141 geilae
1521 5071 1553 5128 in
1588 5061 1707 5129 nollrir

217 5141 352 5213 leilloriia
373 5144 656 5230 depraedicantur3
677 5145 877 5231 splendorem
899 5145 992 5212 hodie
1012 5150 1146 5214 maximi
1168 5145 1337 5212 sustinente
1358 5149 1490 5213 cernite
1511 5153 1563 5231 Jo.
1586 5142 1709 5221 liaptis·

219 5241 253 5290 ta
273 5223 521 5307 Iurisutriusque
544 5233 693 5307 Laurea,
715 5246 751 5294 et
773 5227 1096 5304 Archipraesbyterali
1122 5231 1292 5305 Dignitate
1323 5231 1356 5290 in
1388 5226 1486 5292 uoslra
1515 5224 1705 5290 cathedrali

222 5300 1697 5389 EcclesiaelapsoanooMDCCLXVl.condecoraro;quilicetiuvenilibueanniseffloresiat
1760 5322 1763 5327 ·

221 5383 315 5457 senili
334 5406 440 5457 tamen
460 5396 590 5474 ingenio
613 5414 725 5459 munus
748 5391 801 5457 sbi
823 5389 1050 5459 concreditum
1071 5387 1234 5456 suffulcit.
1332 5450 1336 5459 .
