4460 6240
608 628 671 749 56
916 536 1668 742 DEMONET-IS

524 849 649 967 'quam
680 857 859 970 Nepotes
889 850 1271 970 consanguineosque
1302 915 1316 962 ,
1344 883 1515 971 quorum
1545 852 1714 970 exiguus
1741 882 1821 941 non
1853 876 1940 940 etat
1970 883 2044 941 rtu-

513 999 706 1085 ¹merus,
743 972 795 1057 ad
825 968 1007 1091 suprema
1036 977 1239 1063 honorum
1268 973 1600 1089 fortunarumque
1629 970 1784 1089 fastigia
1815 971 2042 1060 extollere.

527 1093 642 1177 Inter
682 1089 799 1178 hosce
838 1091 1114 1182 recensebatur
1150 1091 1428 1206 Hieronymus
1468 1091 1629 1179 Riarius
1674 1117 1725 1177 ex
1754 1094 1902 1182 Blanca
1942 1090 2040 1180 Xisti

528 1207 661 1321 sorore
688 1235 805 1298 natus
824 1264 849 1318 ·,
885 1211 1076 1303 cuicum
1116 1237 1235 1299 antea
1275 1210 1505 1331 supremum
1545 1201 1802 1299 Ecclesiasti'ci
1850 1207 2046 1298 exercitus

528 1324 747 1449 imperium
788 1329 1049 1440 contulisset,
1093 1330 1188 1418 Fori
1220 1331 1446 1436 Cornelii,
1482 1328 1669 1445 Liviique
1709 1331 1850 1418 deinde
1891 1336 2045 1444 Topar-

529 1444 620 1533 chia
649 1449 940 1539 cohonestavit.
970 1457 1095 1540 Anno
1124 1478 1221 1564 ergo
1251 1453 1646 1538 MCCCCLXXXI.
1676 1447 1837 1535 Riarius
1860 1477 2045 1533 unacum

530 1564 751 1654 Catharina
781 1570 919 1686 magni
949 1569 1075 1659 animi
1106 1567 1275 1657 foemina
1306 1567 1483 1656 Galeatii
1515 1565 1659 1655 Maria·
1696 1566 1848 1656 Ssottiae
1890 1565 2047 1653 Medio·

528 1683 614 1772 lani
646 1686 770 1776 Ducis
817 1719 873 1779 ex,
908 1688 1018 1780 surto
1048 1689 1130 1778 filia
1160 1752 1175 1799 ,
1205 1687 1455 1777 Forolivium
1473 1684 1734 1804 ingressus,et
1751 1685 1931 1773 maxima
1950 1714 2045 1771 cum

530 1804 700 1894 Civium
729 1805 904 1921 letitia,
942 1841 989 1899 ac
1029 1807 1198 1898 solemni
1238 1836 1432 1927 apparatu
1473 1831 1660 1921 exceptus
1700 1865 1713 1911 ,
1753 1804 1907 1890 summa
1947 1830 2042 1885 cuin

531 1921 650 2011 laude
678 1922 771 2010 iniit
800 1927 1098 2043 Principatum.
1127 1933 1186 2015 At
1217 1957 1310 2013 cum
1342 1926 1560 2042 aliquando
1587 1923 1630 2008 in
1661 1921 1825 2036 edificiis
1862 1912 2041 2005 maximi

531 2039 841 2149 construendis,
877 2042 1139 2158 augendisque
1179 2044 1352 2157 erarium
1395 2042 1552 2156 penitus
1593 2039 1821 2126 exhausisset
1861 2098 1877 2144 ,
1914 2061 2040 2150 atque

531 2155 704 2247 subditos
734 2158 851 2247 novis
879 2159 1059 2277 pedagiis
1084 2189 1268 2249 oneraret
1298 2221 1313 2264 ,
1342 2188 1393 2244 ex
1423 2158 1654 2244 Proceribus
1682 2157 1808 2272 aliqui
1828 2157 2044 2242 vehemen-

534 2300 601 2363 ter
623 2278 823 2364 eommoti
863 2338 878 2385 ,
918 2276 1267 2394 exacerbatique,
1308 2302 1353 2362 ut
1385 2274 1423 2361 se
1460 2278 1511 2363 ab
1540 2274 1712 2361 immani
1759 2277 1853 2390 jugo
1893 2270 2045 2357 eitime·
2157 2274 2163 2281 ’

531 2418 626 2482 rent
662 2393 897 2502 ,Riarium
927 2425 1036 2482 anno
1068 2398 1541 2485 MCCCCLXXXVIII.
1562 2399 1721 2478 xviii.
1749 2394 1844 2478 Kal.
1875 2389 1980 2477 Maii
2003 2388 2046 2474 in

532 2513 696 2645 proprio
725 2512 911 2601 cubiculo
941 2541 1159 2602 enecarunt
1189 2507 1389 2627 ,ejusque
1421 2540 1561 2626 corpus
1581 2508 1624 2595 in
1656 2509 1861 2628 publicum
1896 2515 2063 2610 Forum·

531 2657 805 2749 projecerunt.
836 2633 962 2749 Quod
992 2632 1061 2720 ubi
1091 2630 1283 2751 cognovit
1315 2628 1488 2747 populus
1514 2688 1532 2734 ,
1558 2628 1610 2714 ad
1648 2627 1947 2738 conjuratorum
1990 2653 2049 2713 tu·

531 2748 711 2837 multum
741 2762 996 2858 occurrens,
1022 2775 1065 2840 et
1094 2782 1164 2871 per
1184 2751 1295 2838 vicos
1324 2744 1550 2864 plateasque
1581 2746 1763 2834 Ecclefiae
1802 2777 1952 2834 nomen
1991 2745 2051 2831 iii·

459 2952 463 2959 .
493 2948 500 2965 ,
531 2867 741 2985 geminans
771 2929 785 2976 ,
815 2867 1097 2987 repetensque,
1124 2873 1167 2957 in
1200 2869 1322 2959 AEdes
1352 2865 1547 2981 Principis
1573 2865 1805 2976 incumbit,
1831 2864 1972 2954 cunsla
1993 2862 2051 2950 di·

449 3040 451 3045 ›
517 2985 628 3105 ripit
657 3047 673 3095 ,
700 3015 964 3106 exportatque
993 3018 1007 3102 3
1038 3014 1079 3078 et
1109 2988 1234 3107 ipsam
1267 2986 1529 3076 Catharinam
1560 3015 1652 3074 cum
1684 2986 1797 3092 siliis,
1815 2980 2050 3072 famulabus·

530 3134 609 3220 que
642 3104 905 3222 interceptam
938 3169 952 3212 ,
980 3138 1100 3224 penes
1132 3105 1385 3195 Franciscum
1415 3103 1520 3191 Dedi
1540 3103 1641 3218 ,qui
1662 3103 1713 3189 ad
1737 3128 1895 3189 tantum
1925 3098 2048 3185 scelus

533 3222 644 3310 νίιιιι
674 3223 764 3309 aliis
793 3223 972 3339 primbm
1003 3225 1298 3330 construxerat,
1326 3222 1370 3309 in
1402 3222 1619 3310 custodiam
1638 3219 1819 3309 abducit.
1849 3224 1937 3305 Nec
1959 3244 2043 3300 mo·

532 3371 578 3429 ra
607 3339 867 3456 Magistratus
894 3341 1193 3455 conjuratorum
1225 3341 1332 3431 votis
1359 3344 1643 3448 adherentes,
1682 3342 1832 3454 Jacobo
1871 3332 2070 3423 Sabellio

533 3457 699 3546 Caesena
730 3461 989 3551 Moderatote
1020 3463 1273 3552 Forulivium
1302 3462 1514 3566 accersito,
1541 3459 1636 3548 sese
1665 3458 1855 3575 suamque
1886 3457 2045 3544 Urbem

531 3575 756 3666 Pontificio·
772 3578 945 3698 imperio
974 3581 1197 3672 subdidere.
1227 3577 1346 3668 Hisce
1376 3579 1476 3666 aslis
1506 3579 1685 3667 Sabellus
1716 3607 1808 3665 cum
1839 3574 1955 3663 Arcis
1984 3572 2050 3659 de·

534 3695 732 3787 ditionem
761 3702 815 3787 ab
847 3702 1029 3795 Antonio
1058 3711 1169 3791 Fevo
1201 3727 1296 3789 tunc
1327 3699 1486 3785 Praside
1514 3697 1646 3812 saepius
1675 3694 1812 3784 frustra
1843 3690 2049 3800 tentasset,

536 3817 757 3939 Catharina
789 3878 804 3928 ,
850 3848 897 3910 ut
925 3850 1055 3912 artem
1086 3850 1172 3911 arte
1201 3818 1406 3908 deluderet
1435 3877 1451 3923 ,
1480 3813 1516 3902 se
1547 3814 1727 3902 Custodit
1757 3816 1941 3900 animum
1982 3812 2048 3896 de·

539 3933 699 4023 vincere
731 3998 745 4045 ,
774 3966 817 4026 et
846 3941 962 4030 Arcis
993 3945 1246 4048 cessionem,
1286 3940 1312 4026 li
1352 3967 1447 4026 cuni
1476 3933 1550 4022 illo
1579 3935 1621 4022 in
1652 3940 1757 4022 Arce
1798 3931 1972 4046 colloqui
2002 3927 2049 4015 li·

536 4052 670 4139 suisset
701 4054 931 4171 pollicetur.
961 4062 1085 4175 Quod
1114 4060 1184 4152 ubi
1213 4057 1362 4146 fassum
1394 4056 1492 4169 est,
1529 4080 1571 4141 et
1602 4081 1680 4142 tres
1709 4052 1759 4139 ad
1799 4047 2048 4166 colloquium

534 4169 692 4259 indisiat
720 4175 827 4261 horae
856 4178 1128 4265 confluxissent
1158 4239 1173 4285 ,
1203 4179 1397 4266 Foeminae
1426 4173 1644 4263 calliditate
1680 4171 1873 4291 perspesla
1904 4230 1919 4276 ,
1946 4173 2050 4255 Tor·

535 4288 683 4407 mentis
712 4300 735 4376 e
765 4290 922 4380 Caseoa
951 4294 1127 4382 deduslis
1156 4303 1306 4381 Arcem
1336 4290 1554 4408 defatigare
1584 4322 1745 4410 ceptum
1776 4293 1850 4405 est,
1890 4293 2050 4374 Interea

539 4408 633 4497 chin
664 4411 1008 4527 Conspiratoribus
1047 4412 1313 4519 nuntiatum,
1352 4419 1552 4525 Joannem
1583 4407 1840 4495 Bentivolum
1862 4469 1877 4515 ,
1902 4409 1972 4522 vqui
2004 4434 2052 4494 ea

536 4528 773 4648 tempestate
805 4528 959 4622 summa
990 4565 1084 4645 cum
1114 4532 1351 4623 austeritate
1382 4527 1692 4615 Bononiensibus
1723 4557 1885 4644 praeerat
1917 4590 1931 4637 ,
1960 4554 2056 4613 cum

539 4647 613 4733 suis
643 4709 657 4753 ,
685 4680 733 4737 ac
764 4651 1128 4743 Mediolanensibus
1155 4651 1278 4769 copiis
1309 4648 1492 4739 &strum
1521 4645 1769 4736 Bononiense
1818 4649 2003 4734 adortum
2038 4702 2054 4749 ,

522 4763 714 4865 ¹celerato
732 4767 875 4858 itinere
899 4771 1151 4861 Forolivium
1171 4799 1379 4891 properare
1394 4767 1459 4852 :hi
1490 4765 1548 4854 nil
1569 4768 1836 4856 cunslandum
1868 4765 1969 4871 rati,
1985 4772 2056 4852 Pa·

522 4881 621 4989 ,tria
651 4884 787 4977 relisla
817 4950 833 4998 ,
861 4922 956 4979 cum
983 4892 1278 5029 pretiosioribus
1307 4950 1321 4995 ,
1350 4918 1397 4976 ac
1427 4884 1519 4974 filiis
1550 4887 1752 4977 Caesenam
1783 4885 1942 4999 alioque
1966 4912 2060 4972 coii-

525 5002 736 5090 ‘tendunn
774 5014 895 5097 Tunc
944 5014 1067 5101 Cives
1104 5009 1357 5100 fortunarum
1403 5005 1561 5094 suarum
1605 5005 1753 5118 jaslura
1795 5006 2060 5090 veliementer

539 5121 807 5228 commatice
839 5128 902 5245 spe
930 5126 1068 5243 frustra
1098 5129 1297 5219 Pontisicii
1327 5157 1376 5217 eii
1429 5127 1524 5214 slati
1555 5124 1697 5214 auxilii
1719 5123 1875 5242 penitus
1905 5118 2063 5234 dejesli,

558 5242 613 5331 ad
643 5239 824 5361 pristinos
859 5250 1062 5339 Dominos
1091 5249 1325 5363 deliciunt,
1362 5157 1672 5364 isiariorumque
1702 5274 1851 5334 nomen
1885 5273 1967 5451 unq
1997 5268 2066 5326 ore

1885 5394 1949 5455 inc
1968 5393 2005 5449 a·
