4460 6240
359 571 597 698 Nou
665 562 1400 692 evonenus
1537 603 1603 717 es

555 858 732 983 co
791 785 986 983 un
1046 860 1107 981 o
1169 865 1232 978 rs
1288 832 1427 982 AE'.
1604 844 1610 859 ’

189 1047 350 1272 INter
381 1157 624 1277 pretiosiores
638 1151 968 1243 Italitcnummos
982 1151 1069 1268 jure
1098 1153 1304 1246 ecmerito
1318 1153 1568 1249 -abOfficine
1583 1161 1685 1249 Cor·

182 1280 343 1370 tonense
374 1276 602 1394 proditi,ob
631 1301 801 1392 paruum
831 1300 1045 1362 numerum
1065 1302 1165 1392 quos
1182 1277 1443 1366 Cortonenses
1471 1272 1686 1385 cusireme·

184 1396 362 1489 censendi
392 1393 500 1483 sunt.
529 1398 693 1481 Horum
723 1419 850 1478 unum
880 1390 1090 1509 evulgavit
1109 1393 1382 1505 Mutatorius,
1398 1394 1573 1486 altermn
1598 1419 1686 1482 tan·

186 1518 275 1608 tum
304 1512 417 1603 nobis
445 1510 561 1600 licuit
584 1507 804 1629 inspicere,
821 1533 863 1596 et
892 1506 989 1622 juris
1019 1510 1143 1599 nostri
1166 1508 1321 1605 luceres
1351 1515 1421 1602 Est
1450 1512 1517 1603 hic
1546 1539 1687 1630 argen-

188 1662 275 1726 teus
302 1693 317 1740 ,
344 1657 385 1720 et
414 1627 582 1718 ostendit
609 1659 662 1716 ex
690 1658 772 1716 una
800 1654 913 1745 parte
943 1628 1077 1717 Sansli
1105 1627 1314 1719 vincentii
1344 1630 1530 1751 Episcopi
1558 1691 1574 1740 ,
1601 1635 1682 1719 Ur·
1723 1646 1748 1733 1

186 1754 247 1841 bis
276 1748 439 1839 Patroni
478 1746 700 1864 imaginem
739 1774 834 1835 cum
864 1742 1136 1836 circumduslo'
1164 1748 1359 1853 lemmate
1388 1751 1685 1839 uercEN·

188 1876 341 1961 TIVS.
371 1874 438 1955 Ex
467 1867 845 1971 alteraCrucem,et
872 1861 1172 1984 inscriptionem
1182 1870 1571 1957 DECORTONA·
1593 1871 1693 1956 Cor·

191 2015 332 2079 tonum
364 1986 457 2100 Jani
497 1983 746 2101 temporibus
774 1981 1022 2093 conditam,
1061 2012 1183 2102 atque
1222 2015 1247 2073 a
1287 1991 1466 2077 Crotone
1505 1981 1695 2075 Herculis

193 2104 379 2196 consocio
406 2103 695 2217 repdificatam,
725 2101 852 2216 deque
883 2102 951 2190 suo
980 2104 1146 2193 nomine
1186 2110 1410 2196 Cortonam
1449 2102 1599 2194 dissum
1612 2101 1694 2213 ,in-

196 2224 317 2344 genui
348 2220 564 2339 Scriptores
594 2219 819 2338 prodidere.
869 2225 969 2308 Huc
1000 2252 1080 2308 una
1111 2250 1162 2309 ex
1204 2222 1500 2339 antiquioribus
1538 2219 1694 2311 Tusciae

195 2344 359 2435 urbibus
402 2338 512 2428 suam
542 2338 770 2426 libertatern
803 2335 1066 2443 conservavit,
1108 2337 1309 2454 quousque
1340 2339 1384 2427 in
1414 2345 1698 2427 Romanorum

199 2463 351 2551 transiit
392 2459 640 2559 votestatem,
651 2457 833 2569 stetitque
865 2453 1059 2567 quamdiu
1088 2452 1265 2542 illorum·
1286 2486 1347 2544 res
1365 2455 1592 2546 esflomere:
1613 2453 1700 2571 qui·

119 2651 123 2657 .
195 2585 268 2667 bus
296 2573 617 2665 evanescentibus
647 2576 925 2678 Gothorum,
964 2598 1005 2659 et
1036 2573 1397 2688 Longobardorum
1446 2573 1611 2692 suscepit
1641 2571 1699 2686 ju·

162 2732 165 2737 ·
197 2723 327 2818 gum;
359 2723 484 2810 eoque
515 2689 670 2777 excusso
700 2688 764 2777 sue
794 2690 979 2777 libertate
999 2690 1101 2798 usa,
1133 2691 1257 2780 tribus
1286 2693 1338 2781 ad
1368 2721 1527 2811 tempus
1555 2690 1701 2781 creatis

196 2815 477 2919 Consulibus,
509 2809 691 2929 populari
722 2807 830 2924 cepit
871 2807 1136 2896 administrari
1166 2812 1366 2928 imperio.
1416 2810 1701 2900 Dissidentibu's

200 2936 317 3062 pond
345 2934 451 3021 inter
480 2928 517 3018 se
547 2928 737 3036 Civibus,
765 2924 914 3044 partim
943 2925 1161 3044 Guelphae,
1190 2929 1341 3046 partim
1368 2927 1611 3019 Ghibellinae
1647 2923 1704 3015 sa·
1746 3012 1749 3017 .

201 3055 324 3148 siloni
355 3046 684 3151 adherentibus,
714 3074 794 3131 non
826 3073 971 3161 paucas
1000 3041 1199 3161 sanguinis
1229 3046 1572 3138 effufiones'Urbs
1600 3041 1707 3167 pase

206 3180 280 3281 esi:
313 3198 482 3285 cumque
512 3164 726 3281 aliquando
785 3162 1020 3250 Ghibellina
1049 3164 1311 3281 prevaluisset
1340 3165 1566 3285 potentia,
1597 3171 1708 3255 'Are-

209 3293 389 3409 tinosque
419 3285 626 3402 Guelphos
655 3283 705 3370 ad
735 3277 819 3391 ejus
861 3280 1152 3371 retundendam
1191 3283 1401 3374 audaciam
1439 3283 1574 3374 aversa
1621 3311 1712 3403 pars

212 3406 474 3518 accivisset3hi
501 3402 622 3490 dubia
651 3400 778 3491 etiam
809 3399 897 3488 luce
929 3399 1046 3489 unius
1076 3408 1202 3490 Portae
1233 3404 1460 3522 proditione
1479 3408 1711 3493 Cortonam

210 3522 438 3646 ingrelsr,in
467 3520 657 3640 plurimos
686 3516 798 3606 nulle
827 3518 965 3608 habita
996 3517 1071 3607 fide
1101 3515 1353 3619 inservierunt
1391 3542 1595 3635 ,tutetos
1632 3519 1711 3610 sor·

212 3644 320 3739 tunic
364 3642 579 3730 denudatos
624 3637 747 3726 exilio
795 3638 1090 3750 mulsiarunt,·
1128 3642 1254 3756 quod¹
1273 3641 1446 3758 contigit
1473 3671 1580 3729 anno
1606 3641 1711 3725 MC·
1739 3672 1747 3691 ··

211 3768 337 3858 CLV.
365 3760 519 3849 Verium
548 3751 808 3875 quadriennio
825 3759 1004 3845 nondum
1035 3758 1176 3843 erasto
1205 3762 1435 3862 Senensrum
1466 3788 1540 3876 ope
1570 3752 1614 3847 iu
1646 3782 1713 3871 pa·

211 3885 336 3978 triam
365 3876 570 3984 restituti,
602 3873 752 3963 itemm
781 3875 850 3964 sub
881 3873 1100 3963 Consulatu
1131 3875 1288 3982 liberi,
1313 3875 1446 3994 suique
1478 3872 1573 3986 juris
1601 3870 1732 3968 suere,

210 4035 296 4095 non
328 4000 435 4088 ultra
464 4022 619 4084 annum
649 3999 940 4084 MCCCXXV.
969 4021 1051 4108 quo
1080 4018 1287 4110 tempore,
1306 4020 1398 4081 cum
1430 4001 1613 4082 Proceres
1644 4020 1714 4078 no·

212 4152 269 4209 ua
298 4119 341 4205 in
373 4112 583 4234 populares
614 4112 853 4201 molirentur
871 4138 941 4217 ,et
970 4111 1196 4225 Raynerius
1224 4111 1275 4200 de
1305 4111 1436 4202 Casuli
1466 4113 1643 4232 optimus
1662 4109 1715 4200 ci·
1733 4142 1745 4184 -·

220 4238 282 4323 uis
310 4261 453 4323 eorum
483 4227 640 4316 insidias
669 4229 907 4338 detexisset,
935 4229 1042 4318 hunc
1072 4228 1142 4316 fibi
1172 4224 1399 4350 Principem
1440 4232 1613 4350 Populus
1652 4229 1718 4335 ad·

225 4350 428 4462 sciuit3in
458 4347 570 4464 cujus
600 4348 773 4436 Familia
803 4348 908 4439 stetit
936 4347 1153 4467 imperium
1184 4346 1234 4439 ad
1263 4377 1414 4440 annum
1447 4350 1719 4437 MCCCCIX.
1751 4412 1754 4417 ·

222 4497 307 4587 quo
335 4466 595 4556 Cortonenses
623 4498 648 4556 a
679 4468 864 4557 Ladislao
894 4468 1087 4586 Neapolis
1106 4471 1218 4587 Rege
1249 4468 1361 4583 gravi
1393 4468 1591 4554 obsidione
1622 4463 1722 4582 pres·

233 4589 302 4693 st,
333 4613 379 4672 ut
409 4585 569 4692 Urbis,
597 4616 863 4704 agrorumque
903 4586 1171 4703 direptiuem
1211 4582 1491 4692 declinarent,
1520 4609 1563 4671 et
1602 4582 1638 4670 se
1669 4582 1722 4672 ab

227 4703 384 4817 Aloysri
415 4698 482 4819 (ι)
513 4705 718 4813 tyrannide
757 4708 983 4914 eximerenEt
1010 4766 1024 4813 ,
1052 4705 1158 4823 Regi
1199 4709 1503 4794 Sacramentum
1542 4698 1676 4843 dixere
1707 4726 1723 4813 3

1018 4850 1040 4911 u
1625 4852 1666 4910 ur

248 5089 339 5252 ,il
356 5084 1668 5256 lislllslsdlll”salustianissiluisses{literalem
1684 5088 1740 5233 {⁶03
1788 5179 1790 5184 ·

245 5260 295 5333 pit
327 5257 619 5329 principarentur
640 5249 768 5322 biennio
789 5258 853 5337 poll
875 5279 894 5321 a
917 5259 1060 5322 Ladislao
1091 5266 1321 5340 interuentus,
1342 5274 1378 5324 et
1401 5250 1572 5334 Neapolim
1601 5247 1743 5326 millum

247 5334 305 5402 diu
326 5336 361 5402 in
380 5332 561 5402 carceribus
584 5332 734 5441 dereptus
758 5345 841 5408 tauri
865 5336 1017 5405 facinoris
1038 5357 1159 5416 penam
1181 5342 1269 5409 luit.
