4484 6268
13 1432 20 1521 l

390 549 620 662 NON
702 537 1429 656 EVULGuTIS
1571 539 1632 662 85

219 807 357 872 eorum
385 780 512 890 Rege,
521 769 631 861 nulla
660 766 796 858 relisia
826 763 951 885 prole,
979 791 1085 850 anno
1117 765 1508 851 MCCCCXCVIII.
1528 762 1720 869 extinsio,

230 902 420 1014 Regnum
449 893 500 981 ad
539 889 787 978 Ludovicum
827 882 1170 973 Aurelianenstum
1209 887 1365 968 Ducem
1407 882 1604 970 delatum.
1635 881 1718 969 Hic

222 1021 274 1111 ad
304 1010 611 1103 Mediolanensrs
641 1015 819 1094 Ducatus
858 1001 972 1088 Avia
1010 998 1233 1086 Valentinae
1264 996 1329 1114 (1)
1360 1001 1443 1113 jure
1483 1001 1553 1089 fibi
1591 997 1717 1088 debiti

211 1133 467 1228 dominatum
496 1126 703 1246 aspirans,
731 1120 835 1207 inito
865 1148 956 1207 cum
986 1116 1209 1224 Pontifice,
1238 1149 1285 1207 ac
1323 1122 1490 1208 Venetis
1527 1119 1673 1207 loedere
1703 1181 1719 1226 ,

215 1252 370 1375 postero
398 1275 506 1334 anno
535 1273 629 1331 cum
658 1240 815 1357 optimo
848 1234 1024 1324 exercitu
1045 1296 1058 1342 ,
1079 1236 1142 1323 cui
1173 1243 1370 1349 Joanuem
1400 1244 1593 1352 Jacobum
1621 1240 1717 1328 Tri·

216 1366 368 1461 uitium
399 1362 574 1480 spesiatae
600 1357 772 1449 ‚virtutis
801 1363 956 1442 Ducem
988 1352 1210 1472 prasecerat
1234 1417 1248 1462 ,
1276 1354 1319 1441 in
1351 1387 1489 1473 agrum
1524 1360 1720 1446 Mediola-

220 1483 380 1577 nensem
410 1478 639 1586 descendit,
669 1504 830 1591 totaque
870 1472 1020 1559 ditione
1060 1474 1172 1559 brevi
1211 1474 1374 1590 potitus,
1404 1477 1582 1564 maxima
1622 1510 1716 1566 cum

220 1631 370 1727 pompa
399 1597 524 1737 pridie
553 1626 676 1685 nonas
692 1589 877 1683 octobris
897 1589 1174 1677 Mediolanum
1206 1591 1398 1708 ingrersus,
1419 1598 1492 1682 est.
1522 1603 1580 1684 At
1600 1604 1718 1686 Mnu-

221 1754 322 1826 rus,
351 1748 421 1834 qur
451 1742 567 1805 tanto
597 1713 703 1803 bello
733 1708 873 1828 pressus
902 1707 943 1794 in
975 1710 1237 1797 Germaniam
1277 1743 1369 1798 cum
1401 1715 1522 1823 siliis,
1551 1748 1596 1802 ac
1637 1721 1721 1806 the·

223 1836 344 1929 sauris
373 1834 637 1950 confugerat,
667 1830 798 1917 multo
827 1858 919 1916 cum
959 1827 1242 1915 Heluetiorum
1286 1830 1462 1947 peditatu
1501 1833 1722 1952 insequenti

224 1984 333 2045 anno
362 1952 405 2039 in
445 1949 610 2039 Italiam
654 1946 853 2055 reversus,
882 1945 1197 2054 Mediolanum,
1227 1948 1482 2058 Novariam,
1512 1977 1723 2067 totumque

225 2068 352 2163 sermd
382 2068 653 2185 Principatum
685 2064 818 2181 paucis
847 2063 983 2152 diebus
1013 2065 1165 2153 summa
1205 2064 1394 2155 {elicitate
1435 2069 1504 2154 stbi
1535 2070 1724 2157 subdidit.

228 2188 354 2309 Quod
382 2187 451 2275 ubi
481 2185 617 2302 Regi,
645 2185 715 2300 qui
745 2182 786 2268 in
817 2182 996 2270 Galliam
1028 2183 1064 2270 se
1095 2182 1133 2269 se
1164 2212 1395 2299 receperat,
1424 2188 1638 2295 delatum,
1667 2188 1725 2277 in·

231 2306 410 2399 stauratis
440 2302 663 2408 viribus,in
694 2301 945 2389 Ludovicum
976 2300 1124 2387 iterum
1155 2304 1318 2413 movit3
1350 2305 1521 2422 bellique
1563 2307 1726 2393 tandem

230 2424 383 2515 isfinis
422 2422 499 2511 suit
526 2482 540 2528 ,
569 2446 615 2507 ut
655 2418 800 2507 Ssortia
829 2420 880 2504 ab
920 2417 1123 2504 Helvetiis
1163 2416 1308 2531 gallico
1347 2451 1444 2511 auro
1474 2424 1651 2512 delinitis
1682 2424 1725 2511 in

229 2573 374 2634 manus
402 2539 573 2647 bostium
604 2537 783 2637 traditur,
814 2535 1054 2650 Lugdunum
1085 2535 1575 2650 captivusabducetetur,
1593 2541 1727 2659 ibique

231 2663 338 2752 intra
366 2663 515 2745 Arcem
545 2653 888 2769 inclusuqaliquot
918 2654 1001 2769 post
1030 2678 1167 2760 annos,
1196 2654 1469 2749 miserabiliter
1496 2660 1729 2747 extabuerit.

293 2780 374 2868 Sub
405 2774 692 2864 Maximiliano
721 2771 866 2861 Ssortia
895 2770 939 2857 in
970 2769 1192 2858 Mediolani
1223 2780 1379 2861 Ducem
1397 2775 1605 2893 assumpto,
1632 2779 1730 2866 duos

233 2896 437 3013 sequentes
464 2924 582 2980 areos
610 2921 798 2979 nummos
826 2887 933 2976 fuisse
963 2889 1101 2994 cusos,
1134 2918 1183 2974 ex
1213 2892 1497 2981 charasleribus
1534 2895 1577 2981 in
1617 2924 1724 2989 ante·
1753 2903 1878 2993 XXX.

236 3015 407 3106 rioribus
435 3042 574 3099 eorum
606 3009 783 3127 partibus
815 3006 1040 3124 conscriptis
1070 3005 1271 3095 manifeste
1311 3009 1527 3100 evincitur.
1558 3016 1729 3102 Crucem

232 3134 426 3225 exhibent
455 3131 496 3217 in
529 3127 682 3246 posticis
711 3126 780 3214 sub
805 3124 1070 3243 'inscriptione
1112 3132 1153 3212 P.
1183 3133 1223 3212 P.
1252 3131 1459 3215 ANGLE.
1490 3135 1580 3218 CO·
1607 3147 1647 3230 ὅ.
1675 3146 1730 3227 Q„
1758 3142 1905 3227 XXXI.

234 3252 364 3368 Papia
384 3250 653 3365 Angleriaeque
681 3251 875 3332 Comeret
904 3258 1057 3329 eeraera.
1086 3241 1215 3357 Julius
1254 3250 1307 3331 11.
1339 3244 1513 3335 summus
1547 3248 1735 3345 Pontifex

239 3397 333 3455 cum
362 3365 501 3452 Gallos
532 3390 594 3450 tot
624 3364 798 3457 visloriis
827 3364 1001 3451 tumidos
1030 3393 1079 3451 ex
1112 3361 1235 3449 ltaliae
1254 3362 1397 3453 finibus
1425 3360 1645 3484 propulsare
1675 3368 1734 3456 ni·

241 3508 424 3590 teretur,
453 3480 532 3566 islo
561 3512 652 3568 cum
664 3483 948 3569 Maximiliano
979 3488 1257 3599 Imperatore,
1285 3514 1332 3570 ac
1371 3485 1536 3572 Venetis
1574 3486 1736 3590 foedere,

241 3593 604 3713 Helvetiorumque
633 3629 714 3686 non
746 3603 877 3718 paucis
906 3603 1073 3688 Turmis
1104 3602 1280 3688 mercede
1310 3602 1511 3689 conduuis
1530 3664 1544 3707 ,
1562 3603 1603 3689 in
1633 3601 1737 3719 ipsos

223 3718 455 3835 insurgit
476 3718 544 3832 qui
575 3748 665 3805 cum
699 3718 733 3804 se
764 3720 937 3834 impares
966 3744 1074 3829 tante
1105 3716 1204 3824 moli
1244 3743 1479 3820 cernerent,
1508 3719 1624 3804 Italia
1656 3744 1736 3805 tur·

246 3839 349 3956 piter
377 3834 547 3943 relisit,
577 3862 685 3923 trans
724 3837 847 3949 Alpes
895 3831 1084 3917 rediere.
1139 3836 1238 3916 Hac
1285 3830 1390 3925 inter
1429 3832 1735 3921 Maximilianus

246 3955 440 4042 Ludovici
472 3952 600 4059 maior
628 3981 727 4039 natu
756 3951 886 4048 filius,
919 3945 1060 4060 quiin
1090 3944 1308 4032 Germania
1327 3948 1627 4057 morabatur,in
1657 3957 1738 4038 Ita·

247 4071 344 4157 liam
376 4068 633 4171 descendens,
653 4059 1112 4167 Mediolanum-Caesare
1142 4068 1441 4169 annuente,IV.
1471 4065 1564 4154 Kal
1593 4074 1737 4181 Janua·

245 4185 297 4273 rii
326 4189 511 4273 MDXII.
539 4182 758 4297 ingressus,
784 4188 962 4270 Ducatus
990 4209 1127 4269 curam
1155 4179 1340 4303 suscepit,
1369 4183 1572 4302 tenuitque
1601 4188 1652 4277 ad
1671 4213 1740 4271 an·

1580 4333 1680 4392 num

248 4456 863 4490 ..ι-..Μ
1383 4461 1736 4494 «nu-...n--t-u

287 4535 339 4614 (r)
364 4534 522 4616 Nupserat
543 4536 717 4604 valentina
740 4536 903 4605 Ludovitn
927 4539 1082 4606 Turronir
1107 4542 1192 4605 Duci
1210 4583 1220 4617 ,
1241 4555 1278 4604 et
1298 4539 1360 4605 Vel
1373 4535 1443 4603 esiae
1465 4541 1588 4603 Comici
1611 4560 1622 4619 3
1641 4550 1678 4603 et
1691 4538 1725 4602 in

247 4618 417 4686 Doralibue
439 4618 555 4686 tabulis
575 4640 612 4685 ea
632 4619 740 4687 addita
758 4621 823 4689 fuit
845 4618 992 4684 conditio
1012 4665 1023 4698 ,
1044 4639 1080 4686 ut
1104 4618 1237 4686 bnovae
1258 4638 1370 4696 nuptae
1403 4636 1496 4697 peter
1517 4617 1630 4699 absque
1653 4618 1730 4686 filiie

249 4696 421 4766 decessisset
442 4743 453 4777 ‚
474 4706 527 4779 qui
551 4724 591 4768 ex
613 4698 786 4770 valentina
809 4698 1016 4769 nascerentur
1037 4747 1050 4783 ,
1071 4718 1244 4780 eorumque
1265 4699 1405 4769 baeredes
1438 4706 1470 4766 in
1503 4694 1730 4769 Mediolanensi

252 4785 429 4848 Dominam
452 4779 678 4850 succederent.
703 4786 772 4853 Hic
795 4787 905 4853 abere
927 4805 987 4848 non
1009 4787 1076 4852 erit
1098 4785 1302 4851 lnslrumenti
1326 4778 1564 4850 rerba'reserre
1587 4829 1598 4863 ,
1619 4806 1638 4847 a
1660 4777 1732 4848 Pas-

250 4865 349 4941 quino
373 4863 412 4927 de
433 4864 574 4939 capellis
597 4872 740 4935 Notario
761 4865 960 4935 Cremerensi
983 4869 1112 4934 exarati
1134 4889 1215 4932 enno
1247 4868 1571 4933 mcccuxxxvtt.
1594 4863 1647 4931 elie
1676 4883 1731 4940 ²⁹·

260 4944 454 5012 Decembris
480 4961 513 5007 ι·
535 4964 607 5012 Irene
628 4956 665 5030 eps
686 4957 842 5031 affirmet
863 4956 891 5007 in
913 4952 997 5025 pano
1012 4951 1133 5021 furemur
1144 4951 1330 5027 ,etpalatum
1351 4952 1507 5010 velletren
1525 4948 1656 5025 expressi
1679 4948 1729 5009 st*

262 5029 383 5089 ranan
405 5072 416 5104 ,
438 5032 515 5102 queas
534 5041 566 5093 {re
587 5032 659 5113 rese
684 5054 740 5113 qur
758 5035 908 5116 pradinas
933 5042 970 5093 D.
986 5041 1034 5104 Je:
1056 5036 1160 5096 Galea:
1185 5040 1329 5093 meroem
1349 5073 1362 5107 ,
1381 5041 1478 5092 cemes
1500 5036 1661 5106 Virtutum,
1674 5032 1760 5090 De(

260 5113 354 5169 erlem
375 5111 537 5174 Mediolani
557 5114 697 5193 deeefferr'r
712 5116 774 5196 fine
795 5121 892 5180 liberis
914 5110 1055 5185 multasse
1072 5118 1104 5176 de
1119 5113 1175 5189 lue
1193 5128 1305 5192 prepete
1326 5126 1458 5190 erepere,
1479 5128 1510 5172 er
1531 5113 1654 5190 tegam
1668 5131 1735 5171 nra·

268 5195 398 5252 reserens·
416 5201 582 5268 procrearis
603 5242 613 5274 ,
634 5202 712 5258 dena
736 5207 860 5261 Domina
881 5200 1037 5259 velentiae
1055 5195 1116 5270 [aa
1128 5214 1211 5257 nera
1228 5192 1369 5267 surreiae
1391 5212 1451 5272 ,ee
1466 5188 1616 5277 [medere
1635 5196 1735 5254 dehet

269 5280 306 5339 te
325 5265 449 5342 [alidan
470 5279 502 5337 ι’·
522 5297 581 5341 erre
603 5284 731 5345 omitit
745 5277 802 5357 sae
819 5278 950 5367 presente·
970 5320 983 5358 ,
1002 5299 1031 5342 re
1048 5276 1157 5360 sature
1176 5271 1239 5352 ἀι.
