4460 6240
605 581 677 718 64
918 572 1665 696 namonarts

931 865 1008 986 M
1069 865 1134 987 A
1197 871 1258 988 N
1320 871 1385 991 T
1451 870 1510 985 U
1570 870 1643 986 AE

538 1161 744 1389 ANte
774 1279 1032 1383 millesimum
1052 1283 1246 1404 vulgaris
1282 1292 1388 1377 AEra
1428 1285 1591 1403 viguisse
1631 1311 1756 1402 penes,
1791 1290 2046 1401 Mantuanos
2127 1352 2135 1359 «

538 1398 752 1516 Episcopos
780 1400 1011 1490 facultatem
1043 1405 1208 1492 cudendi
1241 1410 1458 1510 Monetas,
1488 1436 1539 1490 ex
1567 1404 1733 1491 Ottonis
1755 1409 1831 1489 Ill.
1860 1410 2036 1520 Impera·

539 1516 637 1609 toris
666 1516 931 1632 Diplomate,
959 1522 1106 1634 Joanni
1138 1548 1232 1609 tunc
1262 1525 1458 1639 Episcopo
1487 1523 1582 1608 dato
1611 1550 1718 1607 anno
1757 1522 2036 1608 DCCCCXC·

537 1635 673 1743 Vll,
702 1635 928 1737 didicimus.
962 1645 1027 1725 En
1058 1668 1153 1755 ergo
1182 1639 1340 1752 hujusce
1370 1639 1493 1728 Urbis
1523 1639 1811 1754 antiquissimus
1840 1665 2043 1742 nummus,

480 1764 516 1845 1,
545 1778 666 1863 quem
697 1752 808 1853 mihi¹
828 1754 943 1842 licuit
972 1755 1068 1869 juris
1099 1757 1179 1864 mei
1208 1756 1366 1846 facete.
1395 1758 1464 1846 Est
1492 1756 1558 1845 bic
1588 1785 1707 1843 aeteus
1736 1779 1903 1870 argento
1942 1753 2044 1838 mix·

496 1876 498 1879 ’
545 1890 614 1959 tus
638 1867 771 1983 scyphi
801 1869 974 1967 sormam
1005 1874 1264 1981 reserens,in
1292 1877 1406 1985 cujus
1432 1903 1608 1963 concava
1637 1900 1749 1988 parte
1779 1872 1915 1955 visitur
1930 1873 2043 1954 Crux

541 2012 635 2068 cum
666 1985 789 2071 Urbis
817 1993 981 2072 nomine
1011 1989 1054 2074 in
1084 1990 1282 2078 circuitu.
1312 2000 1361 2077 ln
1391 1993 1519 2077 limbo
1549 2018 1733 2089 convexa
1758 1988 2043 2089 VerILlVS,

540 2095 585 2180 in
614 2126 704 2182 area
735 2123 812 2188 tres
834 2103 1073 2191 charasleres
1103 2111 1151 2192 F„
1165 2112 1207 2189 P.
1216 2109 1255 2193 S·
1282 2106 1355 2220 qui
1379 2103 1591 2193 commodi
1619 2104 1827 2220 Episcopus
1855 2102 2045 2217 interpre-

544 2218 621 2313 tari
679 2219 826 2305 olsunt..
1596 2296 1600 2299 ,

557 2326 563 2335 ’
604 2250 785 2422 Esirdem
816 2336 915 2452 sapit
945 2336 1228 2452 antiquitatem
1257 2337 1361 2425 alter
1390 2339 1619 2454 subsequens
1656 2368 1849 2425 nummus
1888 2335 1932 2422 in
1963 2366 2044 2425 me·
2119 2398 2122 2403 <

457 2463 515 2547 11.
543 2453 680 2558 talio,
707 2478 751 2539 et
771 2453 918 2539 'forma
948 2484 1054 2561 ιιιιιιΙ
1071 2454 1321 2542 antecedenti
1349 2460 1608 2541 conveniens.
1639 2462 1810 2569 §nucem
1852 2453 1894 2538 in
1935 2480 2045 2541 ante·

476 2628 480 2635 ⁴
546 2570 641 2658 riori
672 2570 755 2680 ejus
785 2598 895 2685 parte
925 2571 1094 2662 intueor
1123 2570 1324 2685 integram
1351 2601 1486 2657 aream
1525 2571 1805 2674 dividentem,
1833 2571 1939 2657 intra
1978 2603 2042 2659 cu·

545 2686 606 2798 jus
635 2687 760 2772 latera
790 2687 936 2801 legitur
958 2694 1259 2779 vit-(imus,
1287 2693 1337 2774 In
1366 2688 1569 2806 posteriori
1598 2717 1736 2804 parem
1768 2694 1971 2795 Crucem,
1999 2714 2041 2778 et

544 2805 666 2891 verba
696 2808 775 2890 DE
806 2810 1087 2891 MANTVA.
1806 2856 1808 2860 ⁴

604 2919 792 3036 Sequitur
821 2921 962 3008 tertius
991 2951 1111 3007 arcus
1140 2920 1407 3029 nummulus,
1435 2924 1477 3010 in
1509 2924 1617 3036 cujus
1656 2922 1788 3012 antica
1826 2924 2039 3011 ostenditur

544 3037 710 3155 Virgilii
741 3045 868 3127 Poeta
897 3066 1016 3153 caput
1046 3069 1136 3126 cum
1179 3038 1430 3151 inscriptione
1469 3048 1759 3130 VIRGILIVS
1775 3102 1787 3126 .
1816 3048 1866 3127 In
1894 3041 2036 3156 postica

443 3163 519 3246 111.
549 3187 646 3244 vero
675 3160 815 3259 Crux,
840 3179 885 3239 et
915 3155 1071 3241 lemma·
1097 3162 1176 3239 DE
1208 3162 1484 3242 MANTVA.
1514 3164 1684 3244 Summo
1700 3158 1740 3243 in
1771 3162 1919 3244 honore
1949 3155 2041 3241 Vit-

547 3272 693 3388 gilium
723 3269 943 3356 Concivem
973 3269 1085 3355 suum
1128 3276 1372 3357 Mantuanos
1414 3275 1585 3361 habuisse
1626 3274 1844 3389 complures
1881 3271 2042 3363 nummi

548 3394 729 3477 Mantua
758 3385 949 3500 obsignati
980 3386 1193 3488 testantur,
1208 3385 1249 3471 in
1280 3386 1422 3501 quibus
1451 3392 1697 3480 celeberrimi
1715 3400 1841 3478 Poeta
1870 3388 2044 3504 effigiem

551 3506 802 3624 pinxerunt,
830 3502 1071 3619 Populorum
1115 3501 1204 3589 sani
1244 3505 1501 3617 Mitylenes,
1531 3535 1572 3596 et
1602 3509 1698 3598 Chii
1727 3505 1913 3623 exempla
1942 3504 2045 3594 secu·

552 3622 624 3731 ti,
660 3620 732 3737 qui
762 3620 947 3738 Sappbi,
985 3648 1027 3709 et
1066 3619 1240 3709 Homeri
1277 3620 1517 3738 imaginibus
1555 3626 1642 3714 suos
1679 3654 1869 3714 nummos
1905 3622 2046 3713 conde·

523 3765 753 3828 rorarunt.
898 3813 901 3819 ,

611 3862 661 3946 In
692 3855 822 3974 prima
860 3855 948 3944 arei
986 3855 1118 3975 quarti
1147 3855 1277 3945 sronte
1317 3857 1536 3976 effigiatum
1567 3859 1772 3947 cernimus
1801 3855 1974 3964 Solem,
2003 3880 2048 3944 et

454 3981 527 4063 IV.
556 3973 598 4062 in
628 3973 783 4061 ambitu
813 3974 883 4061 has
911 4004 1027 4063 notas
1066 3973 1294 4063 LOdovicsss
1323 3982 1385 4062 De
1413 3974 1711 4065 GONZAGA.
1741 3983 1782 4062 A
1821 4002 1934 4089 tergo
1972 3975 2049 4060 stat

553 4089 717 4206 Virgilii
746 4091 883 4207 imago
912 4121 1002 4180 cum
1035 4095 1109 4191 bac
1138 4093 1350 4208 epigraphe
1379 4099 1432 4179 V.
1460 4100 1511 4182 D.
1542 4099 1818 4182 MANTVA.
1859 4090 2047 4206 Virgilius

554 4207 601 4292 de
626 4213 840 4309 Mamm.
889 4212 938 4293 In
979 4209 1206 4322 praelatam
1240 4209 1493 4327 priscamque
1542 4212 1790 4300 Gonziacam
1829 4209 2047 4297 Familiam

554 4333 825 4415 Mantuanum
857 4323 1049 4439 sceptrum
1080 4325 1315 4410 translatum
1343 4356 1452 4415 anno
1463 4333 1812 4416 MCCCXXVIII.
1842 4335 1907 4416 Eo
1935 4325 2047 4416 enim

558 4468 737 4560 tempore
768 4441 889 4530 Urbis
918 4439 1148 4558 Optimates
1166 4437 1348 4529 Passerini
1377 4444 1427 4529 de
1456 4444 1676 4530 Bonacolsts
1694 4443 1760 4558 (ι)
1791 4444 2048 4559 tyrannidem

1019 4564 1025 4575 ’
1849 4563 1987 4679 pertqsi

557 4719 900 4748 ......-.....-—
1353 4748 1360 4757 ,

595 4793 649 4868 (ι)
675 4794 874 4877 speciabilem
897 4791 1105 4869 Bonacnllium
1128 4798 1269 4859 Gentem
1291 4784 1393 4859 tribus
1413 4810 1451 4858 et
1468 4796 1696 4874 qulnquaginta
1717 4799 1809 4863 aunis
1829 4791 1948 4867 stamme
1968 4814 2045 4859 cum

559 4877 696 4948 irnperio
718 4879 901 4944 Mantuanis
929 4874 1023 4942 rebus
1054 4870 1213 4955 praebuisse
1231 4918 1242 4950 ,
1263 4868 1474 4942 inconcussum
1505 4875 1549 4942 esi
1578 4876 1659 4955 apud
1688 4877 1885 4944 Hiloticos.
1918 4882 2049 4943 Horum

559 4962 678 5033 primus
700 4962 865 5025 Pintmons
887 4954 967 5038 suit,
986 4960 1040 5035 qui
1062 4978 1081 5020 a
1108 4952 1239 5020 civibus
1261 4955 1360 5023 Urbis
1381 4954 1551 5025 i‘raeseslus
1572 4956 1737 5025 ordinatus
1753 4955 1831 5023 adeb
1851 4978 1958 5023 eorum
1979 4958 2051 5019 ani·

557 5058 625 5104 mos
648 5036 698 5102 libi
721 5038 886 5118 devinxit,
916 5060 952 5105 ut
980 5058 1109 5106 munere
1127 5037 1236 5103 erasto
1256 5042 1365 5117 Caput
1389 5038 1498 5116 Populi
1520 5059 1592 5104 cum
1614 5043 1699 5106 necis
1721 5084 1732 5116 ,
1752 5056 1788 5103 et
1812 5042 1891 5102 sitas
1914 5035 2053 5115 potesla-

564 5138 600 5187 ιο
618 5141 703 5184 anno
725 5123 972 5191 mcccxxvi.
993 5117 1095 5185 fuerit
1117 5108 1308 5196 deseratus.
1331 5123 1389 5207 is,
1410 5137 1450 5184 ut
1474 5115 1579 5184 curiis
1601 5123 1768 5197 imperium
1793 5116 1845 5181 fibi
1870 5117 2051 5192 stabiliret,

420 5267 427 5280 ,
567 5196 676 5280 aspere
696 5204 786 5281 cepit
815 5203 971 5267 dominari
992 5248 1004 5281 ,
1024 5221 1087 5278 quo
1118 5199 1272 5280 firmato,
1294 5198 1384 5266 tan'ta
1412 5218 1485 5265 cum
1513 5202 1672 5275 aequitate
1699 5197 1731 5263 se
1758 5193 1879 5274 gessit,
1913 5214 1950 5262 ut
1982 5197 2050 5273 post

574 5283 793 5364 dunimiamti
811 5304 907 5354 annos
929 5281 998 5352 sate
1020 5299 1169 5360 raptura
1190 5282 1308 5363 Populo
1328 5297 1366 5349 ιιι
1386 5285 1485 5350 Pater
1505 5283 1625 5349 Patria
1646 5280 1833 5360 iuraretur,
1853 5282 1950 5348 Hunc
1973 5281 2053 5346 uar-
